%YAML 1.1
%TAG !u! tag:unity3d.com,2011:
--- !u!29 &1
OcclusionCullingSettings:
  m_ObjectHideFlags: 0
  serializedVersion: 2
  m_OcclusionBakeSettings:
    smallestOccluder: 5
    smallestHole: 0.25
    backfaceThreshold: 100
  m_SceneGUID: 00000000000000000000000000000000
  m_OcclusionCullingData: {fileID: 0}
--- !u!104 &2
RenderSettings:
  m_ObjectHideFlags: 0
  serializedVersion: 8
  m_Fog: 0
  m_FogColor: {r: 0.5, g: 0.5, b: 0.5, a: 1}
  m_FogMode: 3
  m_FogDensity: 0.01
  m_LinearFogStart: 0
  m_LinearFogEnd: 300
  m_AmbientSkyColor: {r: 0.212, g: 0.227, b: 0.259, a: 1}
  m_AmbientEquatorColor: {r: 0.114, g: 0.125, b: 0.133, a: 1}
  m_AmbientGroundColor: {r: 0.047, g: 0.043, b: 0.035, a: 1}
  m_AmbientIntensity: 1
  m_AmbientMode: 3
  m_SubtractiveShadowColor: {r: 0.42, g: 0.478, b: 0.627, a: 1}
  m_SkyboxMaterial: {fileID: 2100000, guid: d8c0d4010f9416945912d97b9e581cf6, type: 2}
  m_HaloStrength: 0.5
  m_FlareStrength: 1
  m_FlareFadeSpeed: 3
  m_HaloTexture: {fileID: 0}
  m_SpotCookie: {fileID: 10001, guid: 0000000000000000e000000000000000, type: 0}
  m_DefaultReflectionMode: 0
  m_DefaultReflectionResolution: 128
  m_ReflectionBounces: 1
  m_ReflectionIntensity: 1
  m_CustomReflection: {fileID: 0}
  m_Sun: {fileID: 0}
  m_IndirectSpecularColor: {r: 0, g: 0, b: 0, a: 1}
--- !u!157 &3
LightmapSettings:
  m_ObjectHideFlags: 0
  serializedVersion: 11
  m_GIWorkflowMode: 1
  m_GISettings:
    serializedVersion: 2
    m_BounceScale: 1
    m_IndirectOutputScale: 1
    m_AlbedoBoost: 1
    m_TemporalCoherenceThreshold: 1
    m_EnvironmentLightingMode: 0
    m_EnableBakedLightmaps: 0
    m_EnableRealtimeLightmaps: 0
  m_LightmapEditorSettings:
    serializedVersion: 9
    m_Resolution: 2
    m_BakeResolution: 40
    m_TextureWidth: 1024
    m_TextureHeight: 1024
    m_AO: 0
    m_AOMaxDistance: 1
    m_CompAOExponent: 1
    m_CompAOExponentDirect: 0
    m_Padding: 2
    m_LightmapParameters: {fileID: 0}
    m_LightmapsBakeMode: 1
    m_TextureCompression: 1
    m_FinalGather: 0
    m_FinalGatherFiltering: 1
    m_FinalGatherRayCount: 256
    m_ReflectionCompression: 2
    m_MixedBakeMode: 2
    m_BakeBackend: 0
    m_PVRSampling: 1
    m_PVRDirectSampleCount: 32
    m_PVRSampleCount: 500
    m_PVRBounces: 2
    m_PVRFilterTypeDirect: 0
    m_PVRFilterTypeIndirect: 0
    m_PVRFilterTypeAO: 0
    m_PVRFilteringMode: 1
    m_PVRCulling: 1
    m_PVRFilteringGaussRadiusDirect: 1
    m_PVRFilteringGaussRadiusIndirect: 5
    m_PVRFilteringGaussRadiusAO: 2
    m_PVRFilteringAtrousPositionSigmaDirect: 0.5
    m_PVRFilteringAtrousPositionSigmaIndirect: 2
    m_PVRFilteringAtrousPositionSigmaAO: 1
    m_ShowResolutionOverlay: 1
  m_LightingDataAsset: {fileID: 0}
  m_UseShadowmask: 1
--- !u!196 &4
NavMeshSettings:
  serializedVersion: 2
  m_ObjectHideFlags: 0
  m_BuildSettings:
    serializedVersion: 2
    agentTypeID: 0
    agentRadius: 0.5
    agentHeight: 2
    agentSlope: 45
    agentClimb: 0.4
    ledgeDropHeight: 0
    maxJumpAcrossDistance: 0
    minRegionArea: 2
    manualCellSize: 0
    cellSize: 0.16666667
    manualTileSize: 0
    tileSize: 256
    accuratePlacement: 0
    debug:
      m_Flags: 0
  m_NavMeshData: {fileID: 0}
--- !u!1 &9216545
GameObject:
  m_ObjectHideFlags: 0
  m_PrefabParentObject: {fileID: 0}
  m_PrefabInternal: {fileID: 0}
  serializedVersion: 5
  m_Component:
  - component: {fileID: 9216550}
  - component: {fileID: 9216549}
  - component: {fileID: 9216548}
  - component: {fileID: 9216547}
  - component: {fileID: 9216551}
  - component: {fileID: 9216546}
  m_Layer: 0
  m_Name: MyDude
  m_TagString: Untagged
  m_Icon: {fileID: 0}
  m_NavMeshLayer: 0
  m_StaticEditorFlags: 0
  m_IsActive: 0
--- !u!54 &9216546
Rigidbody:
  m_ObjectHideFlags: 0
  m_PrefabParentObject: {fileID: 0}
  m_PrefabInternal: {fileID: 0}
  m_GameObject: {fileID: 9216545}
  serializedVersion: 2
  m_Mass: 1
  m_Drag: 0
  m_AngularDrag: 0.05
  m_UseGravity: 0
  m_IsKinematic: 0
  m_Interpolate: 0
  m_Constraints: 0
  m_CollisionDetection: 0
--- !u!23 &9216547
MeshRenderer:
  m_ObjectHideFlags: 0
  m_PrefabParentObject: {fileID: 0}
  m_PrefabInternal: {fileID: 0}
  m_GameObject: {fileID: 9216545}
  m_Enabled: 1
  m_CastShadows: 1
  m_ReceiveShadows: 1
  m_DynamicOccludee: 1
  m_MotionVectors: 1
  m_LightProbeUsage: 1
  m_ReflectionProbeUsage: 1
  m_Materials:
  - {fileID: 10303, guid: 0000000000000000f000000000000000, type: 0}
  m_StaticBatchInfo:
    firstSubMesh: 0
    subMeshCount: 0
  m_StaticBatchRoot: {fileID: 0}
  m_ProbeAnchor: {fileID: 0}
  m_LightProbeVolumeOverride: {fileID: 0}
  m_ScaleInLightmap: 1
  m_PreserveUVs: 1
  m_IgnoreNormalsForChartDetection: 0
  m_ImportantGI: 0
  m_StitchLightmapSeams: 0
  m_SelectedEditorRenderState: 3
  m_MinimumChartSize: 4
  m_AutoUVMaxDistance: 0.5
  m_AutoUVMaxAngle: 89
  m_LightmapParameters: {fileID: 0}
  m_SortingLayerID: 0
  m_SortingLayer: 0
  m_SortingOrder: 0
--- !u!136 &9216548
CapsuleCollider:
  m_ObjectHideFlags: 0
  m_PrefabParentObject: {fileID: 0}
  m_PrefabInternal: {fileID: 0}
  m_GameObject: {fileID: 9216545}
  m_Material: {fileID: 0}
  m_IsTrigger: 0
  m_Enabled: 1
  m_Radius: 0.5
  m_Height: 2
  m_Direction: 1
  m_Center: {x: 0, y: 0, z: 0}
--- !u!33 &9216549
MeshFilter:
  m_ObjectHideFlags: 0
  m_PrefabParentObject: {fileID: 0}
  m_PrefabInternal: {fileID: 0}
  m_GameObject: {fileID: 9216545}
  m_Mesh: {fileID: 10208, guid: 0000000000000000e000000000000000, type: 0}
--- !u!4 &9216550
Transform:
  m_ObjectHideFlags: 0
  m_PrefabParentObject: {fileID: 0}
  m_PrefabInternal: {fileID: 0}
  m_GameObject: {fileID: 9216545}
  m_LocalRotation: {x: -0, y: -0, z: -0, w: 1}
  m_LocalPosition: {x: 36.9, y: 0, z: 26.74}
  m_LocalScale: {x: 1, y: 1, z: 1}
  m_Children: []
  m_Father: {fileID: 0}
  m_RootOrder: 18
  m_LocalEulerAnglesHint: {x: 0, y: 0, z: 0}
--- !u!114 &9216551
MonoBehaviour:
  m_ObjectHideFlags: 0
  m_PrefabParentObject: {fileID: 0}
  m_PrefabInternal: {fileID: 0}
  m_GameObject: {fileID: 9216545}
  m_Enabled: 1
  m_EditorHideFlags: 0
  m_Script: {fileID: 11500000, guid: d1f798e1807b4894f88826d44fb90bc7, type: 3}
  m_Name: 
  m_EditorClassIdentifier: 
  velocity: 0
  grabbed: 0
  grabbedGravity: 0.1
  gravity: 9.8
  targetPoint: {x: 0, y: 0, z: 0}
  targetAquired: 0
  gameManager: {fileID: 0}
--- !u!1 &54210030 stripped
GameObject:
  m_PrefabParentObject: {fileID: 1947085723134236, guid: 7130cd2773c25704db1f7f9b27f7f085,
    type: 2}
  m_PrefabInternal: {fileID: 2016295254}
--- !u!1 &54795855 stripped
GameObject:
  m_PrefabParentObject: {fileID: 1726688522166774, guid: 1f21d572d4e30284d8fda6eb50098f98,
    type: 2}
  m_PrefabInternal: {fileID: 135342038}
--- !u!1 &84295711
GameObject:
  m_ObjectHideFlags: 0
  m_PrefabParentObject: {fileID: 0}
  m_PrefabInternal: {fileID: 0}
  serializedVersion: 5
  m_Component:
  - component: {fileID: 84295712}
  - component: {fileID: 84295714}
  - component: {fileID: 84295713}
  m_Layer: 0
  m_Name: Sprite
  m_TagString: Untagged
  m_Icon: {fileID: 0}
  m_NavMeshLayer: 0
  m_StaticEditorFlags: 0
  m_IsActive: 1
--- !u!4 &84295712
Transform:
  m_ObjectHideFlags: 0
  m_PrefabParentObject: {fileID: 0}
  m_PrefabInternal: {fileID: 0}
  m_GameObject: {fileID: 84295711}
  m_LocalRotation: {x: 0.7071068, y: -0, z: -0, w: 0.7071068}
  m_LocalPosition: {x: 0, y: 0, z: 0}
  m_LocalScale: {x: 1, y: 1, z: 1}
  m_Children: []
  m_Father: {fileID: 507779997}
  m_RootOrder: 0
  m_LocalEulerAnglesHint: {x: 0, y: 0, z: 0}
--- !u!114 &84295713
MonoBehaviour:
  m_ObjectHideFlags: 0
  m_PrefabParentObject: {fileID: 0}
  m_PrefabInternal: {fileID: 0}
  m_GameObject: {fileID: 84295711}
  m_Enabled: 1
  m_EditorHideFlags: 0
  m_Script: {fileID: 11500000, guid: 1b71958f3483bc24caaacaaadecd205e, type: 3}
  m_Name: 
  m_EditorClassIdentifier: 
  rotateVelocity: 1
--- !u!212 &84295714
SpriteRenderer:
  m_ObjectHideFlags: 0
  m_PrefabParentObject: {fileID: 0}
  m_PrefabInternal: {fileID: 0}
  m_GameObject: {fileID: 84295711}
  m_Enabled: 1
  m_CastShadows: 0
  m_ReceiveShadows: 0
  m_DynamicOccludee: 1
  m_MotionVectors: 1
  m_LightProbeUsage: 1
  m_ReflectionProbeUsage: 1
  m_Materials:
  - {fileID: 2100000, guid: eb815c7b22c729b4f8c604d0bc8d9d10, type: 2}
  m_StaticBatchInfo:
    firstSubMesh: 0
    subMeshCount: 0
  m_StaticBatchRoot: {fileID: 0}
  m_ProbeAnchor: {fileID: 0}
  m_LightProbeVolumeOverride: {fileID: 0}
  m_ScaleInLightmap: 1
  m_PreserveUVs: 0
  m_IgnoreNormalsForChartDetection: 0
  m_ImportantGI: 0
  m_StitchLightmapSeams: 0
  m_SelectedEditorRenderState: 0
  m_MinimumChartSize: 4
  m_AutoUVMaxDistance: 0.5
  m_AutoUVMaxAngle: 89
  m_LightmapParameters: {fileID: 0}
  m_SortingLayerID: 0
  m_SortingLayer: 0
  m_SortingOrder: 0
  m_Sprite: {fileID: 21300000, guid: 7dea8648843130140ad1c7d5bf6ab311, type: 3}
  m_Color: {r: 1, g: 0, b: 0, a: 1}
  m_FlipX: 0
  m_FlipY: 0
  m_DrawMode: 0
  m_Size: {x: 0.2, y: 0.2}
  m_AdaptiveModeThreshold: 0.5
  m_SpriteTileMode: 0
  m_WasSpriteAssigned: 1
  m_MaskInteraction: 0
--- !u!1001 &135342038
Prefab:
  m_ObjectHideFlags: 0
  serializedVersion: 2
  m_Modification:
    m_TransformParent: {fileID: 0}
    m_Modifications:
    - target: {fileID: 4678190464673082, guid: 1f21d572d4e30284d8fda6eb50098f98, type: 2}
      propertyPath: m_LocalPosition.x
      value: 0
      objectReference: {fileID: 0}
    - target: {fileID: 4678190464673082, guid: 1f21d572d4e30284d8fda6eb50098f98, type: 2}
      propertyPath: m_LocalPosition.y
      value: 12.98
      objectReference: {fileID: 0}
    - target: {fileID: 4678190464673082, guid: 1f21d572d4e30284d8fda6eb50098f98, type: 2}
      propertyPath: m_LocalPosition.z
      value: 26.74
      objectReference: {fileID: 0}
    - target: {fileID: 4678190464673082, guid: 1f21d572d4e30284d8fda6eb50098f98, type: 2}
      propertyPath: m_LocalRotation.x
      value: -0.7071068
      objectReference: {fileID: 0}
    - target: {fileID: 4678190464673082, guid: 1f21d572d4e30284d8fda6eb50098f98, type: 2}
      propertyPath: m_LocalRotation.y
      value: -0
      objectReference: {fileID: 0}
    - target: {fileID: 4678190464673082, guid: 1f21d572d4e30284d8fda6eb50098f98, type: 2}
      propertyPath: m_LocalRotation.z
      value: -0
      objectReference: {fileID: 0}
    - target: {fileID: 4678190464673082, guid: 1f21d572d4e30284d8fda6eb50098f98, type: 2}
      propertyPath: m_LocalRotation.w
      value: 0.7071068
      objectReference: {fileID: 0}
    - target: {fileID: 4678190464673082, guid: 1f21d572d4e30284d8fda6eb50098f98, type: 2}
      propertyPath: m_RootOrder
      value: 8
      objectReference: {fileID: 0}
    m_RemovedComponents: []
  m_ParentPrefab: {fileID: 100100000, guid: 1f21d572d4e30284d8fda6eb50098f98, type: 2}
  m_IsPrefabParent: 0
--- !u!1001 &312307886
Prefab:
  m_ObjectHideFlags: 0
  serializedVersion: 2
  m_Modification:
    m_TransformParent: {fileID: 0}
    m_Modifications:
    - target: {fileID: 4870403572599218, guid: d0abc1959bc93fb469ad7451c6aad2fd, type: 2}
      propertyPath: m_LocalPosition.x
      value: 0.2777834
      objectReference: {fileID: 0}
    - target: {fileID: 4870403572599218, guid: d0abc1959bc93fb469ad7451c6aad2fd, type: 2}
      propertyPath: m_LocalPosition.y
      value: 11.920879
      objectReference: {fileID: 0}
    - target: {fileID: 4870403572599218, guid: d0abc1959bc93fb469ad7451c6aad2fd, type: 2}
      propertyPath: m_LocalPosition.z
      value: 21.81982
      objectReference: {fileID: 0}
    - target: {fileID: 4870403572599218, guid: d0abc1959bc93fb469ad7451c6aad2fd, type: 2}
      propertyPath: m_LocalRotation.x
      value: -0.21723153
      objectReference: {fileID: 0}
    - target: {fileID: 4870403572599218, guid: d0abc1959bc93fb469ad7451c6aad2fd, type: 2}
      propertyPath: m_LocalRotation.y
      value: -0.018150125
      objectReference: {fileID: 0}
    - target: {fileID: 4870403572599218, guid: d0abc1959bc93fb469ad7451c6aad2fd, type: 2}
      propertyPath: m_LocalRotation.z
      value: -0.08125952
      objectReference: {fileID: 0}
    - target: {fileID: 4870403572599218, guid: d0abc1959bc93fb469ad7451c6aad2fd, type: 2}
      propertyPath: m_LocalRotation.w
      value: 0.9725626
      objectReference: {fileID: 0}
    - target: {fileID: 4870403572599218, guid: d0abc1959bc93fb469ad7451c6aad2fd, type: 2}
      propertyPath: m_RootOrder
      value: 1
      objectReference: {fileID: 0}
    - target: {fileID: 1678617117779416, guid: d0abc1959bc93fb469ad7451c6aad2fd, type: 2}
      propertyPath: m_Name
      value: Huracan (1)
      objectReference: {fileID: 0}
    m_RemovedComponents: []
  m_ParentPrefab: {fileID: 100100000, guid: d0abc1959bc93fb469ad7451c6aad2fd, type: 2}
  m_IsPrefabParent: 0
--- !u!1 &391256207
GameObject:
  m_ObjectHideFlags: 0
  m_PrefabParentObject: {fileID: 100006, guid: e354daaee548a0b4ea9b7276b5add3a1, type: 3}
  m_PrefabInternal: {fileID: 0}
  serializedVersion: 5
  m_Component:
  - component: {fileID: 391256208}
  - component: {fileID: 391256210}
  - component: {fileID: 391256209}
  m_Layer: 0
  m_Name: UniverseSkybox
  m_TagString: Untagged
  m_Icon: {fileID: 0}
  m_NavMeshLayer: 0
  m_StaticEditorFlags: 0
  m_IsActive: 1
--- !u!4 &391256208
Transform:
  m_ObjectHideFlags: 0
  m_PrefabParentObject: {fileID: 400006, guid: e354daaee548a0b4ea9b7276b5add3a1, type: 3}
  m_PrefabInternal: {fileID: 0}
  m_GameObject: {fileID: 391256207}
  m_LocalRotation: {x: -0.7071068, y: -0, z: -0, w: 0.7071068}
  m_LocalPosition: {x: 11.276, y: 0, z: 0}
  m_LocalScale: {x: 6, y: 6, z: 6}
  m_Children: []
  m_Father: {fileID: 802596348}
  m_RootOrder: 1
  m_LocalEulerAnglesHint: {x: 0, y: 0, z: 0}
--- !u!23 &391256209
MeshRenderer:
  m_ObjectHideFlags: 0
  m_PrefabParentObject: {fileID: 2300004, guid: e354daaee548a0b4ea9b7276b5add3a1,
    type: 3}
  m_PrefabInternal: {fileID: 0}
  m_GameObject: {fileID: 391256207}
  m_Enabled: 1
  m_CastShadows: 1
  m_ReceiveShadows: 1
  m_DynamicOccludee: 1
  m_MotionVectors: 1
  m_LightProbeUsage: 1
  m_ReflectionProbeUsage: 1
  m_Materials:
  - {fileID: 2100000, guid: 845ca13c4ab79ba468ecc60556f00ce3, type: 2}
  m_StaticBatchInfo:
    firstSubMesh: 0
    subMeshCount: 0
  m_StaticBatchRoot: {fileID: 0}
  m_ProbeAnchor: {fileID: 0}
  m_LightProbeVolumeOverride: {fileID: 0}
  m_ScaleInLightmap: 1
  m_PreserveUVs: 0
  m_IgnoreNormalsForChartDetection: 0
  m_ImportantGI: 0
  m_StitchLightmapSeams: 0
  m_SelectedEditorRenderState: 3
  m_MinimumChartSize: 4
  m_AutoUVMaxDistance: 0.5
  m_AutoUVMaxAngle: 89
  m_LightmapParameters: {fileID: 0}
  m_SortingLayerID: 0
  m_SortingLayer: 0
  m_SortingOrder: 0
--- !u!33 &391256210
MeshFilter:
  m_ObjectHideFlags: 0
  m_PrefabParentObject: {fileID: 3300004, guid: e354daaee548a0b4ea9b7276b5add3a1,
    type: 3}
  m_PrefabInternal: {fileID: 0}
  m_GameObject: {fileID: 391256207}
  m_Mesh: {fileID: 4300002, guid: e354daaee548a0b4ea9b7276b5add3a1, type: 3}
--- !u!114 &397781837 stripped
MonoBehaviour:
  m_PrefabParentObject: {fileID: 114399866643442192, guid: 7130cd2773c25704db1f7f9b27f7f085,
    type: 2}
  m_PrefabInternal: {fileID: 2016295254}
  m_Script: {fileID: 1453722849, guid: 89f0137620f6af44b9ba852b4190e64e, type: 3}
--- !u!1 &428037005
GameObject:
  m_ObjectHideFlags: 0
  m_PrefabParentObject: {fileID: 100000, guid: e354daaee548a0b4ea9b7276b5add3a1, type: 3}
  m_PrefabInternal: {fileID: 0}
  serializedVersion: 5
  m_Component:
  - component: {fileID: 428037006}
  - component: {fileID: 428037008}
  - component: {fileID: 428037007}
  - component: {fileID: 428037009}
  m_Layer: 0
  m_Name: Clouds
  m_TagString: Untagged
  m_Icon: {fileID: 0}
  m_NavMeshLayer: 0
  m_StaticEditorFlags: 0
  m_IsActive: 1
--- !u!4 &428037006
Transform:
  m_ObjectHideFlags: 0
  m_PrefabParentObject: {fileID: 400000, guid: e354daaee548a0b4ea9b7276b5add3a1, type: 3}
  m_PrefabInternal: {fileID: 0}
  m_GameObject: {fileID: 428037005}
  m_LocalRotation: {x: -0.6048339, y: 0.36630043, z: 0.36630043, w: 0.6048339}
  m_LocalPosition: {x: -0, y: 0, z: 0}
  m_LocalScale: {x: 1, y: 1, z: 1}
  m_Children: []
  m_Father: {fileID: 1986145285}
  m_RootOrder: 0
  m_LocalEulerAnglesHint: {x: -90.00001, y: 62.4, z: 0}
--- !u!23 &428037007
MeshRenderer:
  m_ObjectHideFlags: 0
  m_PrefabParentObject: {fileID: 2300000, guid: e354daaee548a0b4ea9b7276b5add3a1,
    type: 3}
  m_PrefabInternal: {fileID: 0}
  m_GameObject: {fileID: 428037005}
  m_Enabled: 1
  m_CastShadows: 1
  m_ReceiveShadows: 1
  m_DynamicOccludee: 1
  m_MotionVectors: 1
  m_LightProbeUsage: 1
  m_ReflectionProbeUsage: 1
  m_Materials:
  - {fileID: 2100000, guid: b8d7c09fe6b77fb46a83e885109f7573, type: 2}
  m_StaticBatchInfo:
    firstSubMesh: 0
    subMeshCount: 0
  m_StaticBatchRoot: {fileID: 0}
  m_ProbeAnchor: {fileID: 0}
  m_LightProbeVolumeOverride: {fileID: 0}
  m_ScaleInLightmap: 1
  m_PreserveUVs: 0
  m_IgnoreNormalsForChartDetection: 0
  m_ImportantGI: 0
  m_StitchLightmapSeams: 0
  m_SelectedEditorRenderState: 3
  m_MinimumChartSize: 4
  m_AutoUVMaxDistance: 0.5
  m_AutoUVMaxAngle: 89
  m_LightmapParameters: {fileID: 0}
  m_SortingLayerID: 0
  m_SortingLayer: 0
  m_SortingOrder: 0
--- !u!33 &428037008
MeshFilter:
  m_ObjectHideFlags: 0
  m_PrefabParentObject: {fileID: 3300000, guid: e354daaee548a0b4ea9b7276b5add3a1,
    type: 3}
  m_PrefabInternal: {fileID: 0}
  m_GameObject: {fileID: 428037005}
  m_Mesh: {fileID: 4300000, guid: e354daaee548a0b4ea9b7276b5add3a1, type: 3}
--- !u!114 &428037009
MonoBehaviour:
  m_ObjectHideFlags: 0
  m_PrefabParentObject: {fileID: 0}
  m_PrefabInternal: {fileID: 0}
  m_GameObject: {fileID: 428037005}
  m_Enabled: 1
  m_EditorHideFlags: 0
  m_Script: {fileID: 11500000, guid: 1b71958f3483bc24caaacaaadecd205e, type: 3}
  m_Name: 
  m_EditorClassIdentifier: 
  rotateVelocity: 0.064
--- !u!1 &507779993
GameObject:
  m_ObjectHideFlags: 0
  m_PrefabParentObject: {fileID: 0}
  m_PrefabInternal: {fileID: 0}
  serializedVersion: 5
  m_Component:
  - component: {fileID: 507779997}
  - component: {fileID: 507779996}
  - component: {fileID: 507779995}
  - component: {fileID: 507779999}
  m_Layer: 0
  m_Name: CrossAir
  m_TagString: Untagged
  m_Icon: {fileID: 0}
  m_NavMeshLayer: 0
  m_StaticEditorFlags: 0
  m_IsActive: 1
--- !u!65 &507779995
BoxCollider:
  m_ObjectHideFlags: 0
  m_PrefabParentObject: {fileID: 0}
  m_PrefabInternal: {fileID: 0}
  m_GameObject: {fileID: 507779993}
  m_Material: {fileID: 0}
  m_IsTrigger: 0
  m_Enabled: 1
  serializedVersion: 2
  m_Size: {x: 1, y: 1, z: 1}
  m_Center: {x: 0, y: 0, z: 0}
--- !u!33 &507779996
MeshFilter:
  m_ObjectHideFlags: 0
  m_PrefabParentObject: {fileID: 0}
  m_PrefabInternal: {fileID: 0}
  m_GameObject: {fileID: 507779993}
  m_Mesh: {fileID: 10202, guid: 0000000000000000e000000000000000, type: 0}
--- !u!4 &507779997
Transform:
  m_ObjectHideFlags: 0
  m_PrefabParentObject: {fileID: 0}
  m_PrefabInternal: {fileID: 0}
  m_GameObject: {fileID: 507779993}
  m_LocalRotation: {x: -0.7071068, y: -0, z: -0, w: 0.7071068}
  m_LocalPosition: {x: 0, y: 0, z: 13.74}
  m_LocalScale: {x: 1, y: 0.1, z: 1}
  m_Children:
  - {fileID: 84295712}
  m_Father: {fileID: 0}
  m_RootOrder: 16
  m_LocalEulerAnglesHint: {x: -90, y: 0, z: 0}
--- !u!54 &507779999
Rigidbody:
  m_ObjectHideFlags: 0
  m_PrefabParentObject: {fileID: 0}
  m_PrefabInternal: {fileID: 0}
  m_GameObject: {fileID: 507779993}
  serializedVersion: 2
  m_Mass: 1
  m_Drag: 0
  m_AngularDrag: 0.05
  m_UseGravity: 0
  m_IsKinematic: 1
  m_Interpolate: 0
  m_Constraints: 0
  m_CollisionDetection: 0
--- !u!1 &586675104
GameObject:
  m_ObjectHideFlags: 0
  m_PrefabParentObject: {fileID: 0}
  m_PrefabInternal: {fileID: 0}
  serializedVersion: 5
  m_Component:
  - component: {fileID: 586675107}
  - component: {fileID: 586675106}
  - component: {fileID: 586675105}
  m_Layer: 0
  m_Name: EventSystem
  m_TagString: Untagged
  m_Icon: {fileID: 0}
  m_NavMeshLayer: 0
  m_StaticEditorFlags: 0
  m_IsActive: 1
--- !u!114 &586675105
MonoBehaviour:
  m_ObjectHideFlags: 0
  m_PrefabParentObject: {fileID: 0}
  m_PrefabInternal: {fileID: 0}
  m_GameObject: {fileID: 586675104}
  m_Enabled: 1
  m_EditorHideFlags: 0
  m_Script: {fileID: 1077351063, guid: f70555f144d8491a825f0804e09c671c, type: 3}
  m_Name: 
  m_EditorClassIdentifier: 
  m_HorizontalAxis: Horizontal
  m_VerticalAxis: Vertical
  m_SubmitButton: Submit
  m_CancelButton: Cancel
  m_InputActionsPerSecond: 10
  m_RepeatDelay: 0.5
  m_ForceModuleActive: 0
--- !u!114 &586675106
MonoBehaviour:
  m_ObjectHideFlags: 0
  m_PrefabParentObject: {fileID: 0}
  m_PrefabInternal: {fileID: 0}
  m_GameObject: {fileID: 586675104}
  m_Enabled: 1
  m_EditorHideFlags: 0
  m_Script: {fileID: -619905303, guid: f70555f144d8491a825f0804e09c671c, type: 3}
  m_Name: 
  m_EditorClassIdentifier: 
  m_FirstSelected: {fileID: 0}
  m_sendNavigationEvents: 1
  m_DragThreshold: 5
--- !u!4 &586675107
Transform:
  m_ObjectHideFlags: 0
  m_PrefabParentObject: {fileID: 0}
  m_PrefabInternal: {fileID: 0}
  m_GameObject: {fileID: 586675104}
  m_LocalRotation: {x: 0, y: 0, z: 0, w: 1}
  m_LocalPosition: {x: 0, y: 0, z: 0}
  m_LocalScale: {x: 1, y: 1, z: 1}
  m_Children: []
  m_Father: {fileID: 0}
  m_RootOrder: 21
  m_LocalEulerAnglesHint: {x: 0, y: 0, z: 0}
--- !u!1001 &611843242
Prefab:
  m_ObjectHideFlags: 0
  serializedVersion: 2
  m_Modification:
    m_TransformParent: {fileID: 0}
    m_Modifications:
    - target: {fileID: 4827945249537122, guid: e67a30446f8ec184dbb09bfa208009dc, type: 2}
      propertyPath: m_LocalPosition.x
      value: 0
      objectReference: {fileID: 0}
    - target: {fileID: 4827945249537122, guid: e67a30446f8ec184dbb09bfa208009dc, type: 2}
      propertyPath: m_LocalPosition.y
      value: 1
      objectReference: {fileID: 0}
    - target: {fileID: 4827945249537122, guid: e67a30446f8ec184dbb09bfa208009dc, type: 2}
      propertyPath: m_LocalPosition.z
      value: -10
      objectReference: {fileID: 0}
    - target: {fileID: 4827945249537122, guid: e67a30446f8ec184dbb09bfa208009dc, type: 2}
      propertyPath: m_LocalRotation.x
      value: -0
      objectReference: {fileID: 0}
    - target: {fileID: 4827945249537122, guid: e67a30446f8ec184dbb09bfa208009dc, type: 2}
      propertyPath: m_LocalRotation.y
      value: -0
      objectReference: {fileID: 0}
    - target: {fileID: 4827945249537122, guid: e67a30446f8ec184dbb09bfa208009dc, type: 2}
      propertyPath: m_LocalRotation.z
      value: -0
      objectReference: {fileID: 0}
    - target: {fileID: 4827945249537122, guid: e67a30446f8ec184dbb09bfa208009dc, type: 2}
      propertyPath: m_LocalRotation.w
      value: 1
      objectReference: {fileID: 0}
    - target: {fileID: 4827945249537122, guid: e67a30446f8ec184dbb09bfa208009dc, type: 2}
      propertyPath: m_RootOrder
      value: 6
      objectReference: {fileID: 0}
    - target: {fileID: 1957431036393446, guid: e67a30446f8ec184dbb09bfa208009dc, type: 2}
      propertyPath: m_IsActive
      value: 0
      objectReference: {fileID: 0}
    m_RemovedComponents: []
  m_ParentPrefab: {fileID: 100100000, guid: e67a30446f8ec184dbb09bfa208009dc, type: 2}
  m_IsPrefabParent: 0
--- !u!1001 &711444377
Prefab:
  m_ObjectHideFlags: 0
  serializedVersion: 2
  m_Modification:
    m_TransformParent: {fileID: 0}
    m_Modifications:
    - target: {fileID: 4870403572599218, guid: d0abc1959bc93fb469ad7451c6aad2fd, type: 2}
      propertyPath: m_LocalPosition.x
      value: 0.31117296
      objectReference: {fileID: 0}
    - target: {fileID: 4870403572599218, guid: d0abc1959bc93fb469ad7451c6aad2fd, type: 2}
      propertyPath: m_LocalPosition.y
      value: 11.416082
      objectReference: {fileID: 0}
    - target: {fileID: 4870403572599218, guid: d0abc1959bc93fb469ad7451c6aad2fd, type: 2}
      propertyPath: m_LocalPosition.z
      value: 20.722973
      objectReference: {fileID: 0}
    - target: {fileID: 4870403572599218, guid: d0abc1959bc93fb469ad7451c6aad2fd, type: 2}
      propertyPath: m_LocalRotation.x
      value: -0.16022213
      objectReference: {fileID: 0}
    - target: {fileID: 4870403572599218, guid: d0abc1959bc93fb469ad7451c6aad2fd, type: 2}
      propertyPath: m_LocalRotation.y
      value: -0.017398307
      objectReference: {fileID: 0}
    - target: {fileID: 4870403572599218, guid: d0abc1959bc93fb469ad7451c6aad2fd, type: 2}
      propertyPath: m_LocalRotation.z
      value: -0.10654283
      objectReference: {fileID: 0}
    - target: {fileID: 4870403572599218, guid: d0abc1959bc93fb469ad7451c6aad2fd, type: 2}
      propertyPath: m_LocalRotation.w
      value: 0.9811599
      objectReference: {fileID: 0}
    - target: {fileID: 4870403572599218, guid: d0abc1959bc93fb469ad7451c6aad2fd, type: 2}
      propertyPath: m_RootOrder
      value: 4
      objectReference: {fileID: 0}
    - target: {fileID: 4870403572599218, guid: d0abc1959bc93fb469ad7451c6aad2fd, type: 2}
      propertyPath: m_LocalScale.x
      value: 0.2
      objectReference: {fileID: 0}
    - target: {fileID: 4870403572599218, guid: d0abc1959bc93fb469ad7451c6aad2fd, type: 2}
      propertyPath: m_LocalScale.y
      value: 0.3
      objectReference: {fileID: 0}
    - target: {fileID: 4870403572599218, guid: d0abc1959bc93fb469ad7451c6aad2fd, type: 2}
      propertyPath: m_LocalScale.z
      value: 0.2
      objectReference: {fileID: 0}
    - target: {fileID: 4870403572599218, guid: d0abc1959bc93fb469ad7451c6aad2fd, type: 2}
      propertyPath: m_LocalEulerAnglesHint.x
      value: -18.549002
      objectReference: {fileID: 0}
    - target: {fileID: 4870403572599218, guid: d0abc1959bc93fb469ad7451c6aad2fd, type: 2}
      propertyPath: m_LocalEulerAnglesHint.z
      value: -12.395
      objectReference: {fileID: 0}
    - target: {fileID: 1678617117779416, guid: d0abc1959bc93fb469ad7451c6aad2fd, type: 2}
      propertyPath: m_IsActive
      value: 0
      objectReference: {fileID: 0}
    m_RemovedComponents: []
  m_ParentPrefab: {fileID: 100100000, guid: d0abc1959bc93fb469ad7451c6aad2fd, type: 2}
  m_IsPrefabParent: 0
--- !u!1 &717108355
GameObject:
  m_ObjectHideFlags: 0
  m_PrefabParentObject: {fileID: 0}
  m_PrefabInternal: {fileID: 0}
  serializedVersion: 5
  m_Component:
  - component: {fileID: 717108356}
  - component: {fileID: 717108359}
  - component: {fileID: 717108358}
  - component: {fileID: 717108357}
  m_Layer: 12
  m_Name: OrbitSphere
  m_TagString: Orbit
  m_Icon: {fileID: 0}
  m_NavMeshLayer: 0
  m_StaticEditorFlags: 0
  m_IsActive: 1
--- !u!4 &717108356
Transform:
  m_ObjectHideFlags: 0
  m_PrefabParentObject: {fileID: 0}
  m_PrefabInternal: {fileID: 0}
  m_GameObject: {fileID: 717108355}
  m_LocalRotation: {x: 0, y: 0, z: 0, w: 1}
  m_LocalPosition: {x: 0, y: 0, z: 0}
  m_LocalScale: {x: 5, y: 5, z: 5}
  m_Children: []
  m_Father: {fileID: 1986145285}
  m_RootOrder: 3
  m_LocalEulerAnglesHint: {x: 0, y: 0, z: 0}
--- !u!23 &717108357
MeshRenderer:
  m_ObjectHideFlags: 0
  m_PrefabParentObject: {fileID: 0}
  m_PrefabInternal: {fileID: 0}
  m_GameObject: {fileID: 717108355}
  m_Enabled: 0
  m_CastShadows: 1
  m_ReceiveShadows: 1
  m_DynamicOccludee: 1
  m_MotionVectors: 1
  m_LightProbeUsage: 1
  m_ReflectionProbeUsage: 1
  m_Materials:
  - {fileID: 10303, guid: 0000000000000000f000000000000000, type: 0}
  m_StaticBatchInfo:
    firstSubMesh: 0
    subMeshCount: 0
  m_StaticBatchRoot: {fileID: 0}
  m_ProbeAnchor: {fileID: 0}
  m_LightProbeVolumeOverride: {fileID: 0}
  m_ScaleInLightmap: 1
  m_PreserveUVs: 1
  m_IgnoreNormalsForChartDetection: 0
  m_ImportantGI: 0
  m_StitchLightmapSeams: 0
  m_SelectedEditorRenderState: 3
  m_MinimumChartSize: 4
  m_AutoUVMaxDistance: 0.5
  m_AutoUVMaxAngle: 89
  m_LightmapParameters: {fileID: 0}
  m_SortingLayerID: 0
  m_SortingLayer: 0
  m_SortingOrder: 0
--- !u!135 &717108358
SphereCollider:
  m_ObjectHideFlags: 0
  m_PrefabParentObject: {fileID: 0}
  m_PrefabInternal: {fileID: 0}
  m_GameObject: {fileID: 717108355}
  m_Material: {fileID: 0}
  m_IsTrigger: 0
  m_Enabled: 1
  serializedVersion: 2
  m_Radius: 0.5
  m_Center: {x: 0, y: 0, z: 0}
--- !u!33 &717108359
MeshFilter:
  m_ObjectHideFlags: 0
  m_PrefabParentObject: {fileID: 0}
  m_PrefabInternal: {fileID: 0}
  m_GameObject: {fileID: 717108355}
  m_Mesh: {fileID: 10207, guid: 0000000000000000e000000000000000, type: 0}
--- !u!1001 &758683316
Prefab:
  m_ObjectHideFlags: 0
  serializedVersion: 2
  m_Modification:
    m_TransformParent: {fileID: 0}
    m_Modifications:
    - target: {fileID: 4769704381324266, guid: be05f48ac2e83634c8f382a694083755, type: 2}
      propertyPath: m_LocalPosition.x
      value: -9.82
      objectReference: {fileID: 0}
    - target: {fileID: 4769704381324266, guid: be05f48ac2e83634c8f382a694083755, type: 2}
      propertyPath: m_LocalPosition.y
      value: 4.28
      objectReference: {fileID: 0}
    - target: {fileID: 4769704381324266, guid: be05f48ac2e83634c8f382a694083755, type: 2}
      propertyPath: m_LocalPosition.z
      value: 52.8
      objectReference: {fileID: 0}
    - target: {fileID: 4769704381324266, guid: be05f48ac2e83634c8f382a694083755, type: 2}
      propertyPath: m_LocalRotation.x
      value: -0.23240125
      objectReference: {fileID: 0}
    - target: {fileID: 4769704381324266, guid: be05f48ac2e83634c8f382a694083755, type: 2}
      propertyPath: m_LocalRotation.y
      value: -0.102769606
      objectReference: {fileID: 0}
    - target: {fileID: 4769704381324266, guid: be05f48ac2e83634c8f382a694083755, type: 2}
      propertyPath: m_LocalRotation.z
      value: 0.6642356
      objectReference: {fileID: 0}
    - target: {fileID: 4769704381324266, guid: be05f48ac2e83634c8f382a694083755, type: 2}
      propertyPath: m_LocalRotation.w
      value: 0.7030073
      objectReference: {fileID: 0}
    - target: {fileID: 4769704381324266, guid: be05f48ac2e83634c8f382a694083755, type: 2}
      propertyPath: m_RootOrder
      value: 1
      objectReference: {fileID: 0}
    - target: {fileID: 23998343893136522, guid: be05f48ac2e83634c8f382a694083755,
        type: 2}
      propertyPath: m_Materials.Array.data[0]
      value: 
      objectReference: {fileID: 2100000, guid: 3655b6678553e734e9b9d2d5968657ff, type: 2}
    - target: {fileID: 1831251356365382, guid: be05f48ac2e83634c8f382a694083755, type: 2}
      propertyPath: m_Layer
      value: 10
      objectReference: {fileID: 0}
    - target: {fileID: 4769704381324266, guid: be05f48ac2e83634c8f382a694083755, type: 2}
      propertyPath: m_LocalEulerAnglesHint.x
      value: -10.966001
      objectReference: {fileID: 0}
    - target: {fileID: 4769704381324266, guid: be05f48ac2e83634c8f382a694083755, type: 2}
      propertyPath: m_LocalEulerAnglesHint.y
      value: -27.495
      objectReference: {fileID: 0}
    - target: {fileID: 4769704381324266, guid: be05f48ac2e83634c8f382a694083755, type: 2}
      propertyPath: m_LocalEulerAnglesHint.z
      value: 89.442
      objectReference: {fileID: 0}
    m_RemovedComponents: []
  m_ParentPrefab: {fileID: 100100000, guid: be05f48ac2e83634c8f382a694083755, type: 2}
  m_IsPrefabParent: 0
--- !u!1 &758683317 stripped
GameObject:
  m_PrefabParentObject: {fileID: 1831251356365382, guid: be05f48ac2e83634c8f382a694083755,
    type: 2}
  m_PrefabInternal: {fileID: 758683316}
--- !u!65 &758683318
BoxCollider:
  m_ObjectHideFlags: 0
  m_PrefabParentObject: {fileID: 0}
  m_PrefabInternal: {fileID: 0}
  m_GameObject: {fileID: 758683317}
  m_Material: {fileID: 0}
  m_IsTrigger: 0
  m_Enabled: 1
  serializedVersion: 2
  m_Size: {x: 2, y: 2.0000005, z: 0.5533841}
  m_Center: {x: 0, y: 0, z: 0.04978301}
--- !u!1 &774247443 stripped
GameObject:
  m_PrefabParentObject: {fileID: 1726688522166774, guid: 1f21d572d4e30284d8fda6eb50098f98,
    type: 2}
  m_PrefabInternal: {fileID: 1225333895}
--- !u!1 &781059907
GameObject:
  m_ObjectHideFlags: 0
  m_PrefabParentObject: {fileID: 100008, guid: e354daaee548a0b4ea9b7276b5add3a1, type: 3}
  m_PrefabInternal: {fileID: 0}
  serializedVersion: 5
  m_Component:
  - component: {fileID: 781059908}
  - component: {fileID: 781059910}
  - component: {fileID: 781059909}
  - component: {fileID: 781059911}
  m_Layer: 4
  m_Name: Water
  m_TagString: Water
  m_Icon: {fileID: 0}
  m_NavMeshLayer: 0
  m_StaticEditorFlags: 0
  m_IsActive: 1
--- !u!4 &781059908
Transform:
  m_ObjectHideFlags: 0
  m_PrefabParentObject: {fileID: 400008, guid: e354daaee548a0b4ea9b7276b5add3a1, type: 3}
  m_PrefabInternal: {fileID: 0}
  m_GameObject: {fileID: 781059907}
  m_LocalRotation: {x: 0.5902077, y: -0.38942903, z: -0.38942894, w: -0.5902077}
  m_LocalPosition: {x: -0, y: 0, z: 0}
  m_LocalScale: {x: 1, y: 1, z: 1}
  m_Children: []
  m_Father: {fileID: 1986145285}
  m_RootOrder: 2
  m_LocalEulerAnglesHint: {x: -90.00001, y: 0, z: -293.16498}
--- !u!23 &781059909
MeshRenderer:
  m_ObjectHideFlags: 0
  m_PrefabParentObject: {fileID: 2300006, guid: e354daaee548a0b4ea9b7276b5add3a1,
    type: 3}
  m_PrefabInternal: {fileID: 0}
  m_GameObject: {fileID: 781059907}
  m_Enabled: 1
  m_CastShadows: 0
  m_ReceiveShadows: 1
  m_DynamicOccludee: 1
  m_MotionVectors: 1
  m_LightProbeUsage: 1
  m_ReflectionProbeUsage: 1
  m_Materials:
  - {fileID: 2100000, guid: 754e7da68f6d4d144b1d414af70f0644, type: 2}
  m_StaticBatchInfo:
    firstSubMesh: 0
    subMeshCount: 0
  m_StaticBatchRoot: {fileID: 0}
  m_ProbeAnchor: {fileID: 0}
  m_LightProbeVolumeOverride: {fileID: 0}
  m_ScaleInLightmap: 1
  m_PreserveUVs: 0
  m_IgnoreNormalsForChartDetection: 0
  m_ImportantGI: 0
  m_StitchLightmapSeams: 0
  m_SelectedEditorRenderState: 3
  m_MinimumChartSize: 4
  m_AutoUVMaxDistance: 0.5
  m_AutoUVMaxAngle: 89
  m_LightmapParameters: {fileID: 0}
  m_SortingLayerID: 0
  m_SortingLayer: 0
  m_SortingOrder: 0
--- !u!33 &781059910
MeshFilter:
  m_ObjectHideFlags: 0
  m_PrefabParentObject: {fileID: 3300006, guid: e354daaee548a0b4ea9b7276b5add3a1,
    type: 3}
  m_PrefabInternal: {fileID: 0}
  m_GameObject: {fileID: 781059907}
  m_Mesh: {fileID: 4300006, guid: e354daaee548a0b4ea9b7276b5add3a1, type: 3}
--- !u!135 &781059911
SphereCollider:
  m_ObjectHideFlags: 0
  m_PrefabParentObject: {fileID: 0}
  m_PrefabInternal: {fileID: 0}
  m_GameObject: {fileID: 781059907}
  m_Material: {fileID: 0}
  m_IsTrigger: 0
  m_Enabled: 1
  serializedVersion: 2
  m_Radius: 1.2830015
  m_Center: {x: 0, y: 0, z: 0}
--- !u!114 &787484181 stripped
MonoBehaviour:
  m_PrefabParentObject: {fileID: 114420063596292364, guid: d461eebefa273cd4e8625f6bdac633d1,
    type: 2}
  m_PrefabInternal: {fileID: 1289121087}
  m_Script: {fileID: 11500000, guid: f1e76fac24910844583465c06a29bd5c, type: 3}
--- !u!1 &802596347
GameObject:
  m_ObjectHideFlags: 0
  m_PrefabParentObject: {fileID: 0}
  m_PrefabInternal: {fileID: 0}
  serializedVersion: 5
  m_Component:
  - component: {fileID: 802596348}
  m_Layer: 0
  m_Name: Environment
  m_TagString: Untagged
  m_Icon: {fileID: 0}
  m_NavMeshLayer: 0
  m_StaticEditorFlags: 0
  m_IsActive: 1
--- !u!4 &802596348
Transform:
  m_ObjectHideFlags: 0
  m_PrefabParentObject: {fileID: 0}
  m_PrefabInternal: {fileID: 0}
  m_GameObject: {fileID: 802596347}
  m_LocalRotation: {x: -0, y: -0, z: -0, w: 1}
  m_LocalPosition: {x: -56.38, y: 0, z: 26.74}
  m_LocalScale: {x: 5, y: 5, z: 5}
  m_Children:
  - {fileID: 1215450281}
  - {fileID: 391256208}
  m_Father: {fileID: 0}
  m_RootOrder: 14
  m_LocalEulerAnglesHint: {x: 0, y: 0, z: 0}
--- !u!1001 &999763636
Prefab:
  m_ObjectHideFlags: 0
  serializedVersion: 2
  m_Modification:
    m_TransformParent: {fileID: 0}
    m_Modifications:
    - target: {fileID: 4873866414090958, guid: 54eeb46dab005784c8948283e1b9db31, type: 2}
      propertyPath: m_LocalPosition.x
      value: 0
      objectReference: {fileID: 0}
    - target: {fileID: 4873866414090958, guid: 54eeb46dab005784c8948283e1b9db31, type: 2}
      propertyPath: m_LocalPosition.y
      value: 0
      objectReference: {fileID: 0}
    - target: {fileID: 4873866414090958, guid: 54eeb46dab005784c8948283e1b9db31, type: 2}
      propertyPath: m_LocalPosition.z
      value: 0
      objectReference: {fileID: 0}
    - target: {fileID: 4873866414090958, guid: 54eeb46dab005784c8948283e1b9db31, type: 2}
      propertyPath: m_LocalRotation.x
      value: 0
      objectReference: {fileID: 0}
    - target: {fileID: 4873866414090958, guid: 54eeb46dab005784c8948283e1b9db31, type: 2}
      propertyPath: m_LocalRotation.y
      value: 0
      objectReference: {fileID: 0}
    - target: {fileID: 4873866414090958, guid: 54eeb46dab005784c8948283e1b9db31, type: 2}
      propertyPath: m_LocalRotation.z
      value: 0
      objectReference: {fileID: 0}
    - target: {fileID: 4873866414090958, guid: 54eeb46dab005784c8948283e1b9db31, type: 2}
      propertyPath: m_LocalRotation.w
      value: 1
      objectReference: {fileID: 0}
    - target: {fileID: 4873866414090958, guid: 54eeb46dab005784c8948283e1b9db31, type: 2}
      propertyPath: m_RootOrder
      value: 19
      objectReference: {fileID: 0}
    - target: {fileID: 114690813128877238, guid: 54eeb46dab005784c8948283e1b9db31,
        type: 2}
      propertyPath: aud
      value: 
      objectReference: {fileID: 1930324901}
    - target: {fileID: 114690813128877238, guid: 54eeb46dab005784c8948283e1b9db31,
        type: 2}
      propertyPath: canvasHUD
      value: 
      objectReference: {fileID: 54210030}
    - target: {fileID: 114690813128877238, guid: 54eeb46dab005784c8948283e1b9db31,
        type: 2}
      propertyPath: timer
      value: 
      objectReference: {fileID: 1749009925}
    m_RemovedComponents: []
  m_ParentPrefab: {fileID: 100100000, guid: 54eeb46dab005784c8948283e1b9db31, type: 2}
  m_IsPrefabParent: 0
--- !u!1001 &1191829716
Prefab:
  m_ObjectHideFlags: 0
  serializedVersion: 2
  m_Modification:
    m_TransformParent: {fileID: 0}
    m_Modifications:
    - target: {fileID: 4870403572599218, guid: d0abc1959bc93fb469ad7451c6aad2fd, type: 2}
      propertyPath: m_LocalPosition.x
      value: 0.2777834
      objectReference: {fileID: 0}
    - target: {fileID: 4870403572599218, guid: d0abc1959bc93fb469ad7451c6aad2fd, type: 2}
      propertyPath: m_LocalPosition.y
      value: 11.920879
      objectReference: {fileID: 0}
    - target: {fileID: 4870403572599218, guid: d0abc1959bc93fb469ad7451c6aad2fd, type: 2}
      propertyPath: m_LocalPosition.z
      value: 32.53
      objectReference: {fileID: 0}
    - target: {fileID: 4870403572599218, guid: d0abc1959bc93fb469ad7451c6aad2fd, type: 2}
      propertyPath: m_LocalRotation.x
      value: 0.18527697
      objectReference: {fileID: 0}
    - target: {fileID: 4870403572599218, guid: d0abc1959bc93fb469ad7451c6aad2fd, type: 2}
      propertyPath: m_LocalRotation.y
      value: 0.06758364
      objectReference: {fileID: 0}
    - target: {fileID: 4870403572599218, guid: d0abc1959bc93fb469ad7451c6aad2fd, type: 2}
      propertyPath: m_LocalRotation.z
      value: 0.0020169835
      objectReference: {fileID: 0}
    - target: {fileID: 4870403572599218, guid: d0abc1959bc93fb469ad7451c6aad2fd, type: 2}
      propertyPath: m_LocalRotation.w
      value: 0.9803575
      objectReference: {fileID: 0}
    - target: {fileID: 4870403572599218, guid: d0abc1959bc93fb469ad7451c6aad2fd, type: 2}
      propertyPath: m_RootOrder
      value: 23
      objectReference: {fileID: 0}
    - target: {fileID: 1678617117779416, guid: d0abc1959bc93fb469ad7451c6aad2fd, type: 2}
      propertyPath: m_Name
      value: Huracan (2)
      objectReference: {fileID: 0}
    - target: {fileID: 4870403572599218, guid: d0abc1959bc93fb469ad7451c6aad2fd, type: 2}
      propertyPath: m_LocalEulerAnglesHint.x
      value: 21.285002
      objectReference: {fileID: 0}
    - target: {fileID: 4870403572599218, guid: d0abc1959bc93fb469ad7451c6aad2fd, type: 2}
      propertyPath: m_LocalEulerAnglesHint.y
      value: 8.222
      objectReference: {fileID: 0}
    - target: {fileID: 4870403572599218, guid: d0abc1959bc93fb469ad7451c6aad2fd, type: 2}
      propertyPath: m_LocalEulerAnglesHint.z
      value: 1.7830001
      objectReference: {fileID: 0}
    m_RemovedComponents: []
  m_ParentPrefab: {fileID: 100100000, guid: d0abc1959bc93fb469ad7451c6aad2fd, type: 2}
  m_IsPrefabParent: 0
--- !u!1001 &1211830890
Prefab:
  m_ObjectHideFlags: 0
  serializedVersion: 2
  m_Modification:
    m_TransformParent: {fileID: 0}
    m_Modifications:
    - target: {fileID: 4264437406916610, guid: e260f8525b04b1e4ebb14eab85915a15, type: 2}
      propertyPath: m_LocalPosition.x
      value: 13.85
      objectReference: {fileID: 0}
    - target: {fileID: 4264437406916610, guid: e260f8525b04b1e4ebb14eab85915a15, type: 2}
      propertyPath: m_LocalPosition.y
      value: 0.3
      objectReference: {fileID: 0}
    - target: {fileID: 4264437406916610, guid: e260f8525b04b1e4ebb14eab85915a15, type: 2}
      propertyPath: m_LocalPosition.z
      value: -15.289999
      objectReference: {fileID: 0}
    - target: {fileID: 4264437406916610, guid: e260f8525b04b1e4ebb14eab85915a15, type: 2}
      propertyPath: m_LocalRotation.x
      value: 0
      objectReference: {fileID: 0}
    - target: {fileID: 4264437406916610, guid: e260f8525b04b1e4ebb14eab85915a15, type: 2}
      propertyPath: m_LocalRotation.y
      value: 0
      objectReference: {fileID: 0}
    - target: {fileID: 4264437406916610, guid: e260f8525b04b1e4ebb14eab85915a15, type: 2}
      propertyPath: m_LocalRotation.z
      value: 0
      objectReference: {fileID: 0}
    - target: {fileID: 4264437406916610, guid: e260f8525b04b1e4ebb14eab85915a15, type: 2}
      propertyPath: m_LocalRotation.w
      value: 1
      objectReference: {fileID: 0}
    - target: {fileID: 4264437406916610, guid: e260f8525b04b1e4ebb14eab85915a15, type: 2}
      propertyPath: m_RootOrder
      value: 20
      objectReference: {fileID: 0}
    - target: {fileID: 114635975616308256, guid: e260f8525b04b1e4ebb14eab85915a15,
        type: 2}
      propertyPath: timerText
      value: 
      objectReference: {fileID: 397781837}
    - target: {fileID: 114635975616308256, guid: e260f8525b04b1e4ebb14eab85915a15,
        type: 2}
      propertyPath: levelTime
      value: 180
      objectReference: {fileID: 0}
    - target: {fileID: 114635975616308256, guid: e260f8525b04b1e4ebb14eab85915a15,
        type: 2}
      propertyPath: missilC
      value: 
      objectReference: {fileID: 787484181}
    m_RemovedComponents: []
  m_ParentPrefab: {fileID: 100100000, guid: e260f8525b04b1e4ebb14eab85915a15, type: 2}
  m_IsPrefabParent: 0
--- !u!1 &1215450280
GameObject:
  m_ObjectHideFlags: 0
  m_PrefabParentObject: {fileID: 0}
  m_PrefabInternal: {fileID: 0}
  serializedVersion: 5
  m_Component:
  - component: {fileID: 1215450281}
  - component: {fileID: 1215450283}
  - component: {fileID: 1215450282}
  m_Layer: 0
  m_Name: Sun
  m_TagString: Untagged
  m_Icon: {fileID: 0}
  m_NavMeshLayer: 0
  m_StaticEditorFlags: 0
  m_IsActive: 1
--- !u!4 &1215450281
Transform:
  m_ObjectHideFlags: 0
  m_PrefabParentObject: {fileID: 0}
  m_PrefabInternal: {fileID: 0}
  m_GameObject: {fileID: 1215450280}
  m_LocalRotation: {x: 0.06730808, y: 0.5578289, z: -0.04545701, w: 0.82597226}
  m_LocalPosition: {x: -29.9, y: 7.2, z: -16.3}
  m_LocalScale: {x: 2.500003, y: 2.5000045, z: 5}
  m_Children: []
  m_Father: {fileID: 802596348}
  m_RootOrder: 0
  m_LocalEulerAnglesHint: {x: 0, y: 0, z: 0}
--- !u!114 &1215450282
MonoBehaviour:
  m_ObjectHideFlags: 0
  m_PrefabParentObject: {fileID: 0}
  m_PrefabInternal: {fileID: 0}
  m_GameObject: {fileID: 1215450280}
  m_Enabled: 1
  m_EditorHideFlags: 0
  m_Script: {fileID: 11500000, guid: 6a5660f8d887d214090341eaf74710d5, type: 3}
  m_Name: 
  m_EditorClassIdentifier: 
--- !u!212 &1215450283
SpriteRenderer:
  m_ObjectHideFlags: 0
  m_PrefabParentObject: {fileID: 0}
  m_PrefabInternal: {fileID: 0}
  m_GameObject: {fileID: 1215450280}
  m_Enabled: 1
  m_CastShadows: 0
  m_ReceiveShadows: 0
  m_DynamicOccludee: 1
  m_MotionVectors: 1
  m_LightProbeUsage: 1
  m_ReflectionProbeUsage: 1
  m_Materials:
  - {fileID: 10754, guid: 0000000000000000f000000000000000, type: 0}
  m_StaticBatchInfo:
    firstSubMesh: 0
    subMeshCount: 0
  m_StaticBatchRoot: {fileID: 0}
  m_ProbeAnchor: {fileID: 0}
  m_LightProbeVolumeOverride: {fileID: 0}
  m_ScaleInLightmap: 1
  m_PreserveUVs: 0
  m_IgnoreNormalsForChartDetection: 0
  m_ImportantGI: 0
  m_StitchLightmapSeams: 0
  m_SelectedEditorRenderState: 0
  m_MinimumChartSize: 4
  m_AutoUVMaxDistance: 0.5
  m_AutoUVMaxAngle: 89
  m_LightmapParameters: {fileID: 0}
  m_SortingLayerID: 0
  m_SortingLayer: 0
  m_SortingOrder: 0
  m_Sprite: {fileID: 21300000, guid: 9205e5d1f948310438a3951448dfb052, type: 3}
  m_Color: {r: 1, g: 1, b: 1, a: 1}
  m_FlipX: 0
  m_FlipY: 0
  m_DrawMode: 0
  m_Size: {x: 5.12, y: 5.12}
  m_AdaptiveModeThreshold: 0.5
  m_SpriteTileMode: 0
  m_WasSpriteAssigned: 1
  m_MaskInteraction: 0
--- !u!1001 &1225333895
Prefab:
  m_ObjectHideFlags: 0
  serializedVersion: 2
  m_Modification:
    m_TransformParent: {fileID: 0}
    m_Modifications:
    - target: {fileID: 4678190464673082, guid: 1f21d572d4e30284d8fda6eb50098f98, type: 2}
      propertyPath: m_LocalPosition.x
      value: 0
      objectReference: {fileID: 0}
    - target: {fileID: 4678190464673082, guid: 1f21d572d4e30284d8fda6eb50098f98, type: 2}
      propertyPath: m_LocalPosition.y
      value: -13.2
      objectReference: {fileID: 0}
    - target: {fileID: 4678190464673082, guid: 1f21d572d4e30284d8fda6eb50098f98, type: 2}
      propertyPath: m_LocalPosition.z
      value: 26.7
      objectReference: {fileID: 0}
    - target: {fileID: 4678190464673082, guid: 1f21d572d4e30284d8fda6eb50098f98, type: 2}
      propertyPath: m_LocalRotation.x
      value: 0.70710665
      objectReference: {fileID: 0}
    - target: {fileID: 4678190464673082, guid: 1f21d572d4e30284d8fda6eb50098f98, type: 2}
      propertyPath: m_LocalRotation.y
      value: 0
      objectReference: {fileID: 0}
    - target: {fileID: 4678190464673082, guid: 1f21d572d4e30284d8fda6eb50098f98, type: 2}
      propertyPath: m_LocalRotation.z
      value: 0
      objectReference: {fileID: 0}
    - target: {fileID: 4678190464673082, guid: 1f21d572d4e30284d8fda6eb50098f98, type: 2}
      propertyPath: m_LocalRotation.w
      value: 0.70710695
      objectReference: {fileID: 0}
    - target: {fileID: 4678190464673082, guid: 1f21d572d4e30284d8fda6eb50098f98, type: 2}
      propertyPath: m_RootOrder
      value: 15
      objectReference: {fileID: 0}
    - target: {fileID: 1726688522166774, guid: 1f21d572d4e30284d8fda6eb50098f98, type: 2}
      propertyPath: m_Name
      value: GoalBroadcastAntenna (1)
      objectReference: {fileID: 0}
    m_RemovedComponents: []
  m_ParentPrefab: {fileID: 100100000, guid: 1f21d572d4e30284d8fda6eb50098f98, type: 2}
  m_IsPrefabParent: 0
--- !u!1001 &1289121087
Prefab:
  m_ObjectHideFlags: 0
  serializedVersion: 2
  m_Modification:
    m_TransformParent: {fileID: 0}
    m_Modifications:
    - target: {fileID: 4929348416254442, guid: d461eebefa273cd4e8625f6bdac633d1, type: 2}
      propertyPath: m_LocalPosition.x
      value: 0
      objectReference: {fileID: 0}
    - target: {fileID: 4929348416254442, guid: d461eebefa273cd4e8625f6bdac633d1, type: 2}
      propertyPath: m_LocalPosition.y
      value: 6.78
      objectReference: {fileID: 0}
    - target: {fileID: 4929348416254442, guid: d461eebefa273cd4e8625f6bdac633d1, type: 2}
      propertyPath: m_LocalPosition.z
      value: 27.7
      objectReference: {fileID: 0}
    - target: {fileID: 4929348416254442, guid: d461eebefa273cd4e8625f6bdac633d1, type: 2}
      propertyPath: m_LocalRotation.x
      value: -0.7071068
      objectReference: {fileID: 0}
    - target: {fileID: 4929348416254442, guid: d461eebefa273cd4e8625f6bdac633d1, type: 2}
      propertyPath: m_LocalRotation.y
      value: 0
      objectReference: {fileID: 0}
    - target: {fileID: 4929348416254442, guid: d461eebefa273cd4e8625f6bdac633d1, type: 2}
      propertyPath: m_LocalRotation.z
      value: 0
      objectReference: {fileID: 0}
    - target: {fileID: 4929348416254442, guid: d461eebefa273cd4e8625f6bdac633d1, type: 2}
      propertyPath: m_LocalRotation.w
      value: 0.7071068
      objectReference: {fileID: 0}
    - target: {fileID: 4929348416254442, guid: d461eebefa273cd4e8625f6bdac633d1, type: 2}
      propertyPath: m_RootOrder
      value: 17
      objectReference: {fileID: 0}
    m_RemovedComponents: []
  m_ParentPrefab: {fileID: 100100000, guid: d461eebefa273cd4e8625f6bdac633d1, type: 2}
  m_IsPrefabParent: 0
--- !u!1001 &1436389136
Prefab:
  m_ObjectHideFlags: 0
  serializedVersion: 2
  m_Modification:
    m_TransformParent: {fileID: 0}
    m_Modifications:
    - target: {fileID: 4542701008930766, guid: de40b3fdd175f4148b106e8909db5ac1, type: 2}
      propertyPath: m_LocalPosition.x
      value: -8.7
      objectReference: {fileID: 0}
    - target: {fileID: 4542701008930766, guid: de40b3fdd175f4148b106e8909db5ac1, type: 2}
      propertyPath: m_LocalPosition.y
      value: 8.9
      objectReference: {fileID: 0}
    - target: {fileID: 4542701008930766, guid: de40b3fdd175f4148b106e8909db5ac1, type: 2}
      propertyPath: m_LocalPosition.z
      value: 25.1
      objectReference: {fileID: 0}
    - target: {fileID: 4542701008930766, guid: de40b3fdd175f4148b106e8909db5ac1, type: 2}
      propertyPath: m_LocalRotation.x
      value: -0.6801827
      objectReference: {fileID: 0}
    - target: {fileID: 4542701008930766, guid: de40b3fdd175f4148b106e8909db5ac1, type: 2}
      propertyPath: m_LocalRotation.y
      value: -0.25723782
      objectReference: {fileID: 0}
    - target: {fileID: 4542701008930766, guid: de40b3fdd175f4148b106e8909db5ac1, type: 2}
      propertyPath: m_LocalRotation.z
      value: 0.12303792
      objectReference: {fileID: 0}
    - target: {fileID: 4542701008930766, guid: de40b3fdd175f4148b106e8909db5ac1, type: 2}
      propertyPath: m_LocalRotation.w
      value: 0.6753088
      objectReference: {fileID: 0}
    - target: {fileID: 4542701008930766, guid: de40b3fdd175f4148b106e8909db5ac1, type: 2}
      propertyPath: m_RootOrder
      value: 10
      objectReference: {fileID: 0}
    m_RemovedComponents: []
  m_ParentPrefab: {fileID: 100100000, guid: de40b3fdd175f4148b106e8909db5ac1, type: 2}
  m_IsPrefabParent: 0
--- !u!1 &1505333576 stripped
GameObject:
  m_PrefabParentObject: {fileID: 1072244010753904, guid: 7130cd2773c25704db1f7f9b27f7f085,
    type: 2}
  m_PrefabInternal: {fileID: 2016295254}
--- !u!1001 &1664488474
Prefab:
  m_ObjectHideFlags: 0
  serializedVersion: 2
  m_Modification:
    m_TransformParent: {fileID: 0}
    m_Modifications:
    - target: {fileID: 4186564836362650, guid: 65d58d2ba3a02bb428cc887d584f65db, type: 2}
      propertyPath: m_LocalPosition.x
      value: 0
      objectReference: {fileID: 0}
    - target: {fileID: 4186564836362650, guid: 65d58d2ba3a02bb428cc887d584f65db, type: 2}
      propertyPath: m_LocalPosition.y
      value: 1
      objectReference: {fileID: 0}
    - target: {fileID: 4186564836362650, guid: 65d58d2ba3a02bb428cc887d584f65db, type: 2}
      propertyPath: m_LocalPosition.z
      value: -10
      objectReference: {fileID: 0}
    - target: {fileID: 4186564836362650, guid: 65d58d2ba3a02bb428cc887d584f65db, type: 2}
      propertyPath: m_LocalRotation.x
      value: -0
      objectReference: {fileID: 0}
    - target: {fileID: 4186564836362650, guid: 65d58d2ba3a02bb428cc887d584f65db, type: 2}
      propertyPath: m_LocalRotation.y
      value: -0
      objectReference: {fileID: 0}
    - target: {fileID: 4186564836362650, guid: 65d58d2ba3a02bb428cc887d584f65db, type: 2}
      propertyPath: m_LocalRotation.z
      value: -0
      objectReference: {fileID: 0}
    - target: {fileID: 4186564836362650, guid: 65d58d2ba3a02bb428cc887d584f65db, type: 2}
      propertyPath: m_LocalRotation.w
      value: 1
      objectReference: {fileID: 0}
    - target: {fileID: 4186564836362650, guid: 65d58d2ba3a02bb428cc887d584f65db, type: 2}
      propertyPath: m_RootOrder
      value: 7
      objectReference: {fileID: 0}
    - target: {fileID: 1968164914002126, guid: 65d58d2ba3a02bb428cc887d584f65db, type: 2}
      propertyPath: m_IsActive
      value: 0
      objectReference: {fileID: 0}
    m_RemovedComponents: []
  m_ParentPrefab: {fileID: 100100000, guid: 65d58d2ba3a02bb428cc887d584f65db, type: 2}
  m_IsPrefabParent: 0
--- !u!114 &1749009925 stripped
MonoBehaviour:
  m_PrefabParentObject: {fileID: 114635975616308256, guid: e260f8525b04b1e4ebb14eab85915a15,
    type: 2}
  m_PrefabInternal: {fileID: 1211830890}
  m_Script: {fileID: 11500000, guid: a5b506d3761d6c64c93df0aa080abafe, type: 3}
--- !u!1001 &1797397527
Prefab:
  m_ObjectHideFlags: 0
  serializedVersion: 2
  m_Modification:
    m_TransformParent: {fileID: 0}
    m_Modifications:
    - target: {fileID: 224326377512652316, guid: 9c5d4bbf1bd26674f8704a1dcc93b675,
        type: 2}
      propertyPath: m_LocalPosition.x
      value: 0
      objectReference: {fileID: 0}
    - target: {fileID: 224326377512652316, guid: 9c5d4bbf1bd26674f8704a1dcc93b675,
        type: 2}
      propertyPath: m_LocalPosition.y
      value: 0
      objectReference: {fileID: 0}
    - target: {fileID: 224326377512652316, guid: 9c5d4bbf1bd26674f8704a1dcc93b675,
        type: 2}
      propertyPath: m_LocalPosition.z
      value: 0
      objectReference: {fileID: 0}
    - target: {fileID: 224326377512652316, guid: 9c5d4bbf1bd26674f8704a1dcc93b675,
        type: 2}
      propertyPath: m_LocalRotation.x
      value: 0
      objectReference: {fileID: 0}
    - target: {fileID: 224326377512652316, guid: 9c5d4bbf1bd26674f8704a1dcc93b675,
        type: 2}
      propertyPath: m_LocalRotation.y
      value: 0
      objectReference: {fileID: 0}
    - target: {fileID: 224326377512652316, guid: 9c5d4bbf1bd26674f8704a1dcc93b675,
        type: 2}
      propertyPath: m_LocalRotation.z
      value: 0
      objectReference: {fileID: 0}
    - target: {fileID: 224326377512652316, guid: 9c5d4bbf1bd26674f8704a1dcc93b675,
        type: 2}
      propertyPath: m_LocalRotation.w
      value: 1
      objectReference: {fileID: 0}
    - target: {fileID: 224326377512652316, guid: 9c5d4bbf1bd26674f8704a1dcc93b675,
        type: 2}
      propertyPath: m_RootOrder
      value: 3
      objectReference: {fileID: 0}
    - target: {fileID: 224326377512652316, guid: 9c5d4bbf1bd26674f8704a1dcc93b675,
        type: 2}
      propertyPath: m_AnchoredPosition.x
      value: 0
      objectReference: {fileID: 0}
    - target: {fileID: 224326377512652316, guid: 9c5d4bbf1bd26674f8704a1dcc93b675,
        type: 2}
      propertyPath: m_AnchoredPosition.y
      value: 0
      objectReference: {fileID: 0}
    - target: {fileID: 224326377512652316, guid: 9c5d4bbf1bd26674f8704a1dcc93b675,
        type: 2}
      propertyPath: m_SizeDelta.x
      value: 0
      objectReference: {fileID: 0}
    - target: {fileID: 224326377512652316, guid: 9c5d4bbf1bd26674f8704a1dcc93b675,
        type: 2}
      propertyPath: m_SizeDelta.y
      value: 0
      objectReference: {fileID: 0}
    - target: {fileID: 224326377512652316, guid: 9c5d4bbf1bd26674f8704a1dcc93b675,
        type: 2}
      propertyPath: m_AnchorMin.x
      value: 0
      objectReference: {fileID: 0}
    - target: {fileID: 224326377512652316, guid: 9c5d4bbf1bd26674f8704a1dcc93b675,
        type: 2}
      propertyPath: m_AnchorMin.y
      value: 0
      objectReference: {fileID: 0}
    - target: {fileID: 224326377512652316, guid: 9c5d4bbf1bd26674f8704a1dcc93b675,
        type: 2}
      propertyPath: m_AnchorMax.x
      value: 0
      objectReference: {fileID: 0}
    - target: {fileID: 224326377512652316, guid: 9c5d4bbf1bd26674f8704a1dcc93b675,
        type: 2}
      propertyPath: m_AnchorMax.y
      value: 0
      objectReference: {fileID: 0}
    - target: {fileID: 224326377512652316, guid: 9c5d4bbf1bd26674f8704a1dcc93b675,
        type: 2}
      propertyPath: m_Pivot.x
      value: 0
      objectReference: {fileID: 0}
    - target: {fileID: 224326377512652316, guid: 9c5d4bbf1bd26674f8704a1dcc93b675,
        type: 2}
      propertyPath: m_Pivot.y
      value: 0
      objectReference: {fileID: 0}
    - target: {fileID: 114457519416663212, guid: 9c5d4bbf1bd26674f8704a1dcc93b675,
        type: 2}
      propertyPath: HUDCanvas
      value: 
      objectReference: {fileID: 54210030}
    m_RemovedComponents: []
  m_ParentPrefab: {fileID: 100100000, guid: 9c5d4bbf1bd26674f8704a1dcc93b675, type: 2}
  m_IsPrefabParent: 0
--- !u!1 &1839685776
GameObject:
  m_ObjectHideFlags: 0
  m_PrefabParentObject: {fileID: 0}
  m_PrefabInternal: {fileID: 0}
  serializedVersion: 5
  m_Component:
  - component: {fileID: 1839685778}
  - component: {fileID: 1839685777}
  m_Layer: 0
  m_Name: Directional Light (1)
  m_TagString: Untagged
  m_Icon: {fileID: 0}
  m_NavMeshLayer: 0
  m_StaticEditorFlags: 0
  m_IsActive: 1
--- !u!108 &1839685777
Light:
  m_ObjectHideFlags: 0
  m_PrefabParentObject: {fileID: 0}
  m_PrefabInternal: {fileID: 0}
  m_GameObject: {fileID: 1839685776}
  m_Enabled: 1
  serializedVersion: 8
  m_Type: 0
  m_Color: {r: 1, g: 0.9341785, b: 0.5661765, a: 1}
  m_Intensity: 2.5
  m_Range: 45.46
  m_SpotAngle: 105.05638
  m_CookieSize: 10
  m_Shadows:
    m_Type: 0
    m_Resolution: 2
    m_CustomResolution: -1
    m_Strength: 0.552
    m_Bias: 0.05
    m_NormalBias: 0.4
    m_NearPlane: 0.2
  m_Cookie: {fileID: 0}
  m_DrawHalo: 0
  m_Flare: {fileID: 0}
  m_RenderMode: 0
  m_CullingMask:
    serializedVersion: 2
    m_Bits: 4294967295
  m_Lightmapping: 4
  m_AreaSize: {x: 1, y: 1}
  m_BounceIntensity: 1
  m_ColorTemperature: 6570
  m_UseColorTemperature: 0
  m_ShadowRadius: 0
  m_ShadowAngle: 0
--- !u!4 &1839685778
Transform:
  m_ObjectHideFlags: 0
  m_PrefabParentObject: {fileID: 0}
  m_PrefabInternal: {fileID: 0}
  m_GameObject: {fileID: 1839685776}
  m_LocalRotation: {x: -0.23186223, y: -0.6038782, z: -0.18955077, w: 0.7386756}
  m_LocalPosition: {x: 28.9, y: -17.6, z: -5.9}
  m_LocalScale: {x: 1, y: 1, z: 1}
  m_Children: []
  m_Father: {fileID: 0}
  m_RootOrder: 22
  m_LocalEulerAnglesHint: {x: -34.853, y: -78.533, z: 0}
--- !u!1 &1867367380
GameObject:
  m_ObjectHideFlags: 0
  m_PrefabParentObject: {fileID: 0}
  m_PrefabInternal: {fileID: 0}
  serializedVersion: 5
  m_Component:
  - component: {fileID: 1867367382}
  - component: {fileID: 1867367381}
  m_Layer: 0
  m_Name: Directional Light
  m_TagString: Untagged
  m_Icon: {fileID: 0}
  m_NavMeshLayer: 0
  m_StaticEditorFlags: 0
  m_IsActive: 1
--- !u!108 &1867367381
Light:
  m_ObjectHideFlags: 0
  m_PrefabParentObject: {fileID: 0}
  m_PrefabInternal: {fileID: 0}
  m_GameObject: {fileID: 1867367380}
  m_Enabled: 1
  serializedVersion: 8
  m_Type: 1
  m_Color: {r: 1, g: 0.9341785, b: 0.5661765, a: 1}
  m_Intensity: 1.39
  m_Range: 10
  m_SpotAngle: 30
  m_CookieSize: 10
  m_Shadows:
    m_Type: 2
    m_Resolution: 2
    m_CustomResolution: -1
    m_Strength: 0.595
    m_Bias: 0.05
    m_NormalBias: 0.4
    m_NearPlane: 0.2
  m_Cookie: {fileID: 0}
  m_DrawHalo: 0
  m_Flare: {fileID: 0}
  m_RenderMode: 0
  m_CullingMask:
    serializedVersion: 2
    m_Bits: 4294967295
  m_Lightmapping: 4
  m_AreaSize: {x: 1, y: 1}
  m_BounceIntensity: 1
  m_ColorTemperature: 6570
  m_UseColorTemperature: 0
  m_ShadowRadius: 0
  m_ShadowAngle: 0
--- !u!4 &1867367382
Transform:
  m_ObjectHideFlags: 0
  m_PrefabParentObject: {fileID: 0}
  m_PrefabInternal: {fileID: 0}
  m_GameObject: {fileID: 1867367380}
  m_LocalRotation: {x: 0.55226815, y: 0.33679622, z: 0.30074924, w: 0.7007983}
  m_LocalPosition: {x: 0, y: 3, z: 0}
  m_LocalScale: {x: 1, y: 1, z: 1}
  m_Children: []
  m_Father: {fileID: 0}
  m_RootOrder: 13
  m_LocalEulerAnglesHint: {x: 34.853, y: 78.533005, z: 75.23801}
--- !u!1 &1930324900
GameObject:
  m_ObjectHideFlags: 0
  m_PrefabParentObject: {fileID: 0}
  m_PrefabInternal: {fileID: 0}
  serializedVersion: 5
  m_Component:
  - component: {fileID: 1930324902}
  - component: {fileID: 1930324901}
  m_Layer: 0
  m_Name: MusicManager
  m_TagString: myMusic
  m_Icon: {fileID: 0}
  m_NavMeshLayer: 0
  m_StaticEditorFlags: 0
  m_IsActive: 1
--- !u!82 &1930324901
AudioSource:
  m_ObjectHideFlags: 0
  m_PrefabParentObject: {fileID: 0}
  m_PrefabInternal: {fileID: 0}
  m_GameObject: {fileID: 1930324900}
  m_Enabled: 1
  serializedVersion: 4
  OutputAudioMixerGroup: {fileID: 0}
  m_audioClip: {fileID: 8300000, guid: 19765990aa859744a86d4d9007d7b1ce, type: 3}
  m_PlayOnAwake: 1
  m_Volume: 1
  m_Pitch: 1
  Loop: 1
  Mute: 0
  Spatialize: 0
  SpatializePostEffects: 0
  Priority: 128
  DopplerLevel: 1
  MinDistance: 1
  MaxDistance: 500
  Pan2D: 0
  rolloffMode: 0
  BypassEffects: 0
  BypassListenerEffects: 0
  BypassReverbZones: 0
  rolloffCustomCurve:
    serializedVersion: 2
    m_Curve:
    - serializedVersion: 2
      time: 0
      value: 1
      inSlope: 0
      outSlope: 0
      tangentMode: 0
    - serializedVersion: 2
      time: 1
      value: 0
      inSlope: 0
      outSlope: 0
      tangentMode: 0
    m_PreInfinity: 2
    m_PostInfinity: 2
    m_RotationOrder: 4
  panLevelCustomCurve:
    serializedVersion: 2
    m_Curve:
    - serializedVersion: 2
      time: 0
      value: 0
      inSlope: 0
      outSlope: 0
      tangentMode: 0
    m_PreInfinity: 2
    m_PostInfinity: 2
    m_RotationOrder: 0
  spreadCustomCurve:
    serializedVersion: 2
    m_Curve:
    - serializedVersion: 2
      time: 0
      value: 0
      inSlope: 0
      outSlope: 0
      tangentMode: 0
    m_PreInfinity: 2
    m_PostInfinity: 2
    m_RotationOrder: 4
  reverbZoneMixCustomCurve:
    serializedVersion: 2
    m_Curve:
    - serializedVersion: 2
      time: 0
      value: 1
      inSlope: 0
      outSlope: 0
      tangentMode: 0
    m_PreInfinity: 2
    m_PostInfinity: 2
    m_RotationOrder: 0
--- !u!4 &1930324902
Transform:
  m_ObjectHideFlags: 0
  m_PrefabParentObject: {fileID: 0}
  m_PrefabInternal: {fileID: 0}
  m_GameObject: {fileID: 1930324900}
  m_LocalRotation: {x: 0, y: 0, z: 0, w: 1}
  m_LocalPosition: {x: 22.212975, y: 90.550934, z: -0.8626591}
  m_LocalScale: {x: 1, y: 1, z: 1}
  m_Children: []
  m_Father: {fileID: 0}
  m_RootOrder: 24
  m_LocalEulerAnglesHint: {x: 0, y: 0, z: 0}
--- !u!1001 &1984865703
Prefab:
  m_ObjectHideFlags: 0
  serializedVersion: 2
  m_Modification:
    m_TransformParent: {fileID: 0}
    m_Modifications:
    - target: {fileID: 4923792037458740, guid: 9ecc90d55382cfe48808a62bf2481a9f, type: 2}
      propertyPath: m_LocalPosition.x
      value: 0
      objectReference: {fileID: 0}
    - target: {fileID: 4923792037458740, guid: 9ecc90d55382cfe48808a62bf2481a9f, type: 2}
      propertyPath: m_LocalPosition.y
      value: 1
      objectReference: {fileID: 0}
    - target: {fileID: 4923792037458740, guid: 9ecc90d55382cfe48808a62bf2481a9f, type: 2}
      propertyPath: m_LocalPosition.z
      value: -10
      objectReference: {fileID: 0}
    - target: {fileID: 4923792037458740, guid: 9ecc90d55382cfe48808a62bf2481a9f, type: 2}
      propertyPath: m_LocalRotation.x
      value: -0
      objectReference: {fileID: 0}
    - target: {fileID: 4923792037458740, guid: 9ecc90d55382cfe48808a62bf2481a9f, type: 2}
      propertyPath: m_LocalRotation.y
      value: -0
      objectReference: {fileID: 0}
    - target: {fileID: 4923792037458740, guid: 9ecc90d55382cfe48808a62bf2481a9f, type: 2}
      propertyPath: m_LocalRotation.z
      value: -0
      objectReference: {fileID: 0}
    - target: {fileID: 4923792037458740, guid: 9ecc90d55382cfe48808a62bf2481a9f, type: 2}
      propertyPath: m_LocalRotation.w
      value: 1
      objectReference: {fileID: 0}
    - target: {fileID: 4923792037458740, guid: 9ecc90d55382cfe48808a62bf2481a9f, type: 2}
      propertyPath: m_RootOrder
      value: 0
      objectReference: {fileID: 0}
    - target: {fileID: 1694460287981660, guid: 9ecc90d55382cfe48808a62bf2481a9f, type: 2}
      propertyPath: m_IsActive
      value: 0
      objectReference: {fileID: 0}
    m_RemovedComponents: []
  m_ParentPrefab: {fileID: 100100000, guid: 9ecc90d55382cfe48808a62bf2481a9f, type: 2}
  m_IsPrefabParent: 0
--- !u!1 &1986145283
GameObject:
  m_ObjectHideFlags: 0
  m_PrefabParentObject: {fileID: 100004, guid: e354daaee548a0b4ea9b7276b5add3a1, type: 3}
  m_PrefabInternal: {fileID: 0}
  serializedVersion: 5
  m_Component:
  - component: {fileID: 1986145285}
  m_Layer: 0
  m_Name: Planet
  m_TagString: Untagged
  m_Icon: {fileID: 0}
  m_NavMeshLayer: 0
  m_StaticEditorFlags: 0
  m_IsActive: 1
--- !u!4 &1986145285
Transform:
  m_ObjectHideFlags: 0
  m_PrefabParentObject: {fileID: 400004, guid: e354daaee548a0b4ea9b7276b5add3a1, type: 3}
  m_PrefabInternal: {fileID: 0}
  m_GameObject: {fileID: 1986145283}
  m_LocalRotation: {x: 0, y: 0, z: 0, w: 1}
  m_LocalPosition: {x: 0, y: 0, z: 26.74}
  m_LocalScale: {x: 10, y: 10, z: 10}
  m_Children:
  - {fileID: 428037006}
  - {fileID: 2129033831}
  - {fileID: 781059908}
  - {fileID: 717108356}
  m_Father: {fileID: 0}
  m_RootOrder: 12
  m_LocalEulerAnglesHint: {x: 0, y: 0, z: 0}
--- !u!1001 &2016295254
Prefab:
  m_ObjectHideFlags: 0
  serializedVersion: 2
  m_Modification:
    m_TransformParent: {fileID: 0}
    m_Modifications:
    - target: {fileID: 114239236150344500, guid: 7130cd2773c25704db1f7f9b27f7f085,
        type: 2}
      propertyPath: spritesDiaologo.Array.size
      value: 1
      objectReference: {fileID: 0}
    - target: {fileID: 224856290196011854, guid: 7130cd2773c25704db1f7f9b27f7f085,
        type: 2}
      propertyPath: m_LocalPosition.x
      value: 0
      objectReference: {fileID: 0}
    - target: {fileID: 224856290196011854, guid: 7130cd2773c25704db1f7f9b27f7f085,
        type: 2}
      propertyPath: m_LocalPosition.y
      value: 0
      objectReference: {fileID: 0}
    - target: {fileID: 224856290196011854, guid: 7130cd2773c25704db1f7f9b27f7f085,
        type: 2}
      propertyPath: m_LocalPosition.z
      value: 0
      objectReference: {fileID: 0}
    - target: {fileID: 224856290196011854, guid: 7130cd2773c25704db1f7f9b27f7f085,
        type: 2}
      propertyPath: m_LocalRotation.x
      value: 0
      objectReference: {fileID: 0}
    - target: {fileID: 224856290196011854, guid: 7130cd2773c25704db1f7f9b27f7f085,
        type: 2}
      propertyPath: m_LocalRotation.y
      value: 0
      objectReference: {fileID: 0}
    - target: {fileID: 224856290196011854, guid: 7130cd2773c25704db1f7f9b27f7f085,
        type: 2}
      propertyPath: m_LocalRotation.z
      value: 0
      objectReference: {fileID: 0}
    - target: {fileID: 224856290196011854, guid: 7130cd2773c25704db1f7f9b27f7f085,
        type: 2}
      propertyPath: m_LocalRotation.w
      value: 1
      objectReference: {fileID: 0}
    - target: {fileID: 224856290196011854, guid: 7130cd2773c25704db1f7f9b27f7f085,
        type: 2}
      propertyPath: m_RootOrder
      value: 2
      objectReference: {fileID: 0}
    - target: {fileID: 224856290196011854, guid: 7130cd2773c25704db1f7f9b27f7f085,
        type: 2}
      propertyPath: m_AnchoredPosition.x
      value: 0
      objectReference: {fileID: 0}
    - target: {fileID: 224856290196011854, guid: 7130cd2773c25704db1f7f9b27f7f085,
        type: 2}
      propertyPath: m_AnchoredPosition.y
      value: 0
      objectReference: {fileID: 0}
    - target: {fileID: 224856290196011854, guid: 7130cd2773c25704db1f7f9b27f7f085,
        type: 2}
      propertyPath: m_SizeDelta.x
      value: 0
      objectReference: {fileID: 0}
    - target: {fileID: 224856290196011854, guid: 7130cd2773c25704db1f7f9b27f7f085,
        type: 2}
      propertyPath: m_SizeDelta.y
      value: 0
      objectReference: {fileID: 0}
    - target: {fileID: 224856290196011854, guid: 7130cd2773c25704db1f7f9b27f7f085,
        type: 2}
      propertyPath: m_AnchorMin.x
      value: 0
      objectReference: {fileID: 0}
    - target: {fileID: 224856290196011854, guid: 7130cd2773c25704db1f7f9b27f7f085,
        type: 2}
      propertyPath: m_AnchorMin.y
      value: 0
      objectReference: {fileID: 0}
    - target: {fileID: 224856290196011854, guid: 7130cd2773c25704db1f7f9b27f7f085,
        type: 2}
      propertyPath: m_AnchorMax.x
      value: 0
      objectReference: {fileID: 0}
    - target: {fileID: 224856290196011854, guid: 7130cd2773c25704db1f7f9b27f7f085,
        type: 2}
      propertyPath: m_AnchorMax.y
      value: 0
      objectReference: {fileID: 0}
    - target: {fileID: 224856290196011854, guid: 7130cd2773c25704db1f7f9b27f7f085,
        type: 2}
      propertyPath: m_Pivot.x
      value: 0
      objectReference: {fileID: 0}
    - target: {fileID: 224856290196011854, guid: 7130cd2773c25704db1f7f9b27f7f085,
        type: 2}
      propertyPath: m_Pivot.y
      value: 0
      objectReference: {fileID: 0}
    - target: {fileID: 223954516688285378, guid: 7130cd2773c25704db1f7f9b27f7f085,
        type: 2}
      propertyPath: m_Camera
      value: 
      objectReference: {fileID: 2133745515}
    - target: {fileID: 114125958406687092, guid: 7130cd2773c25704db1f7f9b27f7f085,
        type: 2}
      propertyPath: m_havePropertiesChanged
      value: 1
      objectReference: {fileID: 0}
    - target: {fileID: 114125958406687092, guid: 7130cd2773c25704db1f7f9b27f7f085,
        type: 2}
      propertyPath: m_isInputParsingRequired
      value: 1
      objectReference: {fileID: 0}
    - target: {fileID: 114399866643442192, guid: 7130cd2773c25704db1f7f9b27f7f085,
        type: 2}
      propertyPath: m_havePropertiesChanged
      value: 1
      objectReference: {fileID: 0}
    - target: {fileID: 114399866643442192, guid: 7130cd2773c25704db1f7f9b27f7f085,
        type: 2}
      propertyPath: m_isInputParsingRequired
      value: 1
      objectReference: {fileID: 0}
    - target: {fileID: 114732918881351238, guid: 7130cd2773c25704db1f7f9b27f7f085,
        type: 2}
      propertyPath: m_havePropertiesChanged
      value: 1
      objectReference: {fileID: 0}
    - target: {fileID: 114732918881351238, guid: 7130cd2773c25704db1f7f9b27f7f085,
        type: 2}
      propertyPath: m_isInputParsingRequired
      value: 1
      objectReference: {fileID: 0}
    - target: {fileID: 114138654141756870, guid: 7130cd2773c25704db1f7f9b27f7f085,
        type: 2}
      propertyPath: m_havePropertiesChanged
      value: 1
      objectReference: {fileID: 0}
    - target: {fileID: 114138654141756870, guid: 7130cd2773c25704db1f7f9b27f7f085,
        type: 2}
      propertyPath: m_isInputParsingRequired
      value: 1
      objectReference: {fileID: 0}
    - target: {fileID: 114239236150344500, guid: 7130cd2773c25704db1f7f9b27f7f085,
        type: 2}
      propertyPath: spritesDiaologo.Array.data[1]
      value: 
      objectReference: {fileID: 21300000, guid: cd681fbbdaf86484181587215ee7c1b5,
        type: 3}
    - target: {fileID: 114239236150344500, guid: 7130cd2773c25704db1f7f9b27f7f085,
        type: 2}
      propertyPath: spritesDiaologo.Array.data[0]
      value: 
      objectReference: {fileID: 21300000, guid: 89621354d00b15e4889968dab38d95ea,
        type: 3}
    m_RemovedComponents: []
  m_ParentPrefab: {fileID: 100100000, guid: 7130cd2773c25704db1f7f9b27f7f085, type: 2}
  m_IsPrefabParent: 0
--- !u!1001 &2031318975
Prefab:
  m_ObjectHideFlags: 0
  serializedVersion: 2
  m_Modification:
    m_TransformParent: {fileID: 0}
    m_Modifications:
    - target: {fileID: 114434023989864424, guid: 00251ddba3673ba4188d8b5e9d71cce9,
        type: 2}
      propertyPath: levelItems.Array.size
      value: 2
      objectReference: {fileID: 0}
    - target: {fileID: 4116074198924514, guid: 00251ddba3673ba4188d8b5e9d71cce9, type: 2}
      propertyPath: m_LocalPosition.x
      value: 0
      objectReference: {fileID: 0}
    - target: {fileID: 4116074198924514, guid: 00251ddba3673ba4188d8b5e9d71cce9, type: 2}
      propertyPath: m_LocalPosition.y
      value: 0
      objectReference: {fileID: 0}
    - target: {fileID: 4116074198924514, guid: 00251ddba3673ba4188d8b5e9d71cce9, type: 2}
      propertyPath: m_LocalPosition.z
      value: 0
      objectReference: {fileID: 0}
    - target: {fileID: 4116074198924514, guid: 00251ddba3673ba4188d8b5e9d71cce9, type: 2}
      propertyPath: m_LocalRotation.x
      value: 0
      objectReference: {fileID: 0}
    - target: {fileID: 4116074198924514, guid: 00251ddba3673ba4188d8b5e9d71cce9, type: 2}
      propertyPath: m_LocalRotation.y
      value: 0
      objectReference: {fileID: 0}
    - target: {fileID: 4116074198924514, guid: 00251ddba3673ba4188d8b5e9d71cce9, type: 2}
      propertyPath: m_LocalRotation.z
      value: 0
      objectReference: {fileID: 0}
    - target: {fileID: 4116074198924514, guid: 00251ddba3673ba4188d8b5e9d71cce9, type: 2}
      propertyPath: m_LocalRotation.w
      value: 1
      objectReference: {fileID: 0}
    - target: {fileID: 4116074198924514, guid: 00251ddba3673ba4188d8b5e9d71cce9, type: 2}
      propertyPath: m_RootOrder
      value: 5
      objectReference: {fileID: 0}
    - target: {fileID: 114434023989864424, guid: 00251ddba3673ba4188d8b5e9d71cce9,
        type: 2}
      propertyPath: levelItems.Array.data[1]
      value: 
      objectReference: {fileID: 774247443}
    - target: {fileID: 114434023989864424, guid: 00251ddba3673ba4188d8b5e9d71cce9,
        type: 2}
      propertyPath: levelItems.Array.data[0]
      value: 
      objectReference: {fileID: 54795855}
    - target: {fileID: 114434023989864424, guid: 00251ddba3673ba4188d8b5e9d71cce9,
        type: 2}
      propertyPath: winImage
      value: 
      objectReference: {fileID: 1505333576}
    m_RemovedComponents: []
  m_ParentPrefab: {fileID: 100100000, guid: 00251ddba3673ba4188d8b5e9d71cce9, type: 2}
  m_IsPrefabParent: 0
--- !u!1 &2045676640
GameObject:
  m_ObjectHideFlags: 0
  m_PrefabParentObject: {fileID: 100002, guid: 56c05ab8c67de044684a6ced29852755, type: 3}
  m_PrefabInternal: {fileID: 0}
  serializedVersion: 5
  m_Component:
  - component: {fileID: 2045676641}
  - component: {fileID: 2045676642}
  - component: {fileID: 2045676643}
  m_Layer: 11
  m_Name: LandCollision
  m_TagString: Earth
  m_Icon: {fileID: 0}
  m_NavMeshLayer: 0
  m_StaticEditorFlags: 0
  m_IsActive: 1
--- !u!4 &2045676641
Transform:
  m_ObjectHideFlags: 0
  m_PrefabParentObject: {fileID: 400002, guid: 56c05ab8c67de044684a6ced29852755, type: 3}
  m_PrefabInternal: {fileID: 0}
  m_GameObject: {fileID: 2045676640}
  m_LocalRotation: {x: 0, y: 0, z: 0, w: 1}
  m_LocalPosition: {x: 0, y: 0, z: 0}
  m_LocalScale: {x: 1, y: 1, z: 1}
  m_Children: []
  m_Father: {fileID: 2129033831}
  m_RootOrder: 0
  m_LocalEulerAnglesHint: {x: 0, y: 0, z: 0}
--- !u!64 &2045676642
MeshCollider:
  m_ObjectHideFlags: 0
  m_PrefabParentObject: {fileID: 6400002, guid: 56c05ab8c67de044684a6ced29852755,
    type: 3}
  m_PrefabInternal: {fileID: 0}
  m_GameObject: {fileID: 2045676640}
  m_Material: {fileID: 0}
  m_IsTrigger: 0
  m_Enabled: 1
  serializedVersion: 3
  m_Convex: 0
  m_CookingOptions: 14
  m_SkinWidth: 0.01
  m_Mesh: {fileID: 4300004, guid: 56c05ab8c67de044684a6ced29852755, type: 3}
--- !u!114 &2045676643
MonoBehaviour:
  m_ObjectHideFlags: 0
  m_PrefabParentObject: {fileID: 0}
  m_PrefabInternal: {fileID: 0}
  m_GameObject: {fileID: 2045676640}
  m_Enabled: 1
  m_EditorHideFlags: 0
  m_Script: {fileID: 11500000, guid: 57b4498e8e04c974cb4936d19bc1728e, type: 3}
  m_Name: 
  m_EditorClassIdentifier: 
--- !u!1 &2129033830
GameObject:
  m_ObjectHideFlags: 0
  m_PrefabParentObject: {fileID: 100002, guid: e354daaee548a0b4ea9b7276b5add3a1, type: 3}
  m_PrefabInternal: {fileID: 0}
  serializedVersion: 5
  m_Component:
  - component: {fileID: 2129033831}
  - component: {fileID: 2129033833}
  - component: {fileID: 2129033832}
  m_Layer: 0
  m_Name: Land
  m_TagString: Untagged
  m_Icon: {fileID: 0}
  m_NavMeshLayer: 0
  m_StaticEditorFlags: 0
  m_IsActive: 1
--- !u!4 &2129033831
Transform:
  m_ObjectHideFlags: 0
  m_PrefabParentObject: {fileID: 400002, guid: e354daaee548a0b4ea9b7276b5add3a1, type: 3}
  m_PrefabInternal: {fileID: 0}
  m_GameObject: {fileID: 2129033830}
  m_LocalRotation: {x: 0.5902077, y: -0.38942903, z: -0.38942894, w: -0.5902077}
  m_LocalPosition: {x: -0, y: 0, z: 0}
  m_LocalScale: {x: 1, y: 1, z: 1}
  m_Children:
  - {fileID: 2045676641}
  m_Father: {fileID: 1986145285}
  m_RootOrder: 1
  m_LocalEulerAnglesHint: {x: -90.00001, y: 0, z: -293.16498}
--- !u!23 &2129033832
MeshRenderer:
  m_ObjectHideFlags: 0
  m_PrefabParentObject: {fileID: 2300002, guid: e354daaee548a0b4ea9b7276b5add3a1,
    type: 3}
  m_PrefabInternal: {fileID: 0}
  m_GameObject: {fileID: 2129033830}
  m_Enabled: 1
  m_CastShadows: 0
  m_ReceiveShadows: 1
  m_DynamicOccludee: 1
  m_MotionVectors: 1
  m_LightProbeUsage: 1
  m_ReflectionProbeUsage: 1
  m_Materials:
  - {fileID: 2100000, guid: 9fa799b800c5b82499295f84e661f84e, type: 2}
  m_StaticBatchInfo:
    firstSubMesh: 0
    subMeshCount: 0
  m_StaticBatchRoot: {fileID: 0}
  m_ProbeAnchor: {fileID: 0}
  m_LightProbeVolumeOverride: {fileID: 0}
  m_ScaleInLightmap: 1
  m_PreserveUVs: 0
  m_IgnoreNormalsForChartDetection: 0
  m_ImportantGI: 0
  m_StitchLightmapSeams: 0
  m_SelectedEditorRenderState: 3
  m_MinimumChartSize: 4
  m_AutoUVMaxDistance: 0.5
  m_AutoUVMaxAngle: 89
  m_LightmapParameters: {fileID: 0}
  m_SortingLayerID: 0
  m_SortingLayer: 0
  m_SortingOrder: 0
--- !u!33 &2129033833
MeshFilter:
  m_ObjectHideFlags: 0
  m_PrefabParentObject: {fileID: 3300002, guid: e354daaee548a0b4ea9b7276b5add3a1,
    type: 3}
  m_PrefabInternal: {fileID: 0}
  m_GameObject: {fileID: 2129033830}
  m_Mesh: {fileID: 4300004, guid: e354daaee548a0b4ea9b7276b5add3a1, type: 3}
--- !u!1 &2133745511
GameObject:
  m_ObjectHideFlags: 0
  m_PrefabParentObject: {fileID: 0}
  m_PrefabInternal: {fileID: 0}
  serializedVersion: 5
  m_Component:
  - component: {fileID: 2133745516}
  - component: {fileID: 2133745515}
  - component: {fileID: 2133745514}
  - component: {fileID: 2133745513}
  - component: {fileID: 2133745512}
  - component: {fileID: 2133745517}
  - component: {fileID: 2133745518}
  m_Layer: 0
  m_Name: Main Camera
  m_TagString: MainCamera
  m_Icon: {fileID: 0}
  m_NavMeshLayer: 0
  m_StaticEditorFlags: 0
  m_IsActive: 1
--- !u!81 &2133745512
AudioListener:
  m_ObjectHideFlags: 0
  m_PrefabParentObject: {fileID: 0}
  m_PrefabInternal: {fileID: 0}
  m_GameObject: {fileID: 2133745511}
  m_Enabled: 1
--- !u!124 &2133745513
Behaviour:
  m_ObjectHideFlags: 0
  m_PrefabParentObject: {fileID: 0}
  m_PrefabInternal: {fileID: 0}
  m_GameObject: {fileID: 2133745511}
  m_Enabled: 1
--- !u!92 &2133745514
Behaviour:
  m_ObjectHideFlags: 0
  m_PrefabParentObject: {fileID: 0}
  m_PrefabInternal: {fileID: 0}
  m_GameObject: {fileID: 2133745511}
  m_Enabled: 1
--- !u!20 &2133745515
Camera:
  m_ObjectHideFlags: 0
  m_PrefabParentObject: {fileID: 0}
  m_PrefabInternal: {fileID: 0}
  m_GameObject: {fileID: 2133745511}
  m_Enabled: 1
  serializedVersion: 2
  m_ClearFlags: 1
  m_BackGroundColor: {r: 1, g: 1, b: 1, a: 0}
  m_NormalizedViewPortRect:
    serializedVersion: 2
    x: 0
    y: 0
    width: 1
    height: 1
  near clip plane: 0.3
  far clip plane: 1000
  field of view: 60
  orthographic: 0
  orthographic size: 5
  m_Depth: -1
  m_CullingMask:
    serializedVersion: 2
    m_Bits: 4294967295
  m_RenderingPath: -1
  m_TargetTexture: {fileID: 0}
  m_TargetDisplay: 0
  m_TargetEye: 3
  m_HDR: 0
  m_AllowMSAA: 1
  m_AllowDynamicResolution: 0
  m_ForceIntoRT: 0
  m_OcclusionCulling: 1
  m_StereoConvergence: 10
  m_StereoSeparation: 0.022
--- !u!4 &2133745516
Transform:
  m_ObjectHideFlags: 0
  m_PrefabParentObject: {fileID: 0}
  m_PrefabInternal: {fileID: 0}
  m_GameObject: {fileID: 2133745511}
  m_LocalRotation: {x: 0, y: 0, z: 0, w: 1}
  m_LocalPosition: {x: 0, y: 1, z: -10}
  m_LocalScale: {x: 1, y: 1, z: 1}
  m_Children: []
  m_Father: {fileID: 0}
  m_RootOrder: 11
  m_LocalEulerAnglesHint: {x: 0, y: 0, z: 0}
--- !u!114 &2133745517
MonoBehaviour:
  m_ObjectHideFlags: 0
  m_PrefabParentObject: {fileID: 0}
  m_PrefabInternal: {fileID: 0}
  m_GameObject: {fileID: 2133745511}
  m_Enabled: 1
  m_EditorHideFlags: 0
  m_Script: {fileID: 11500000, guid: 6af21b8511f014240b6f29a70f97fba9, type: 3}
  m_Name: 
  m_EditorClassIdentifier: 
  cameraVelocityX: 0
  cameraVelocityY: 0
  scrollVelocity: 1
  cameraZoomVelocity: 0
  zoomRange: {x: -10, y: 10}
  desaceleration: 0.1
  handDeltaVelocity: 0.5
  userCameraControl: 1
  canvasHud: {fileID: 54210030}
--- !u!114 &2133745518
MonoBehaviour:
  m_ObjectHideFlags: 0
  m_PrefabParentObject: {fileID: 0}
  m_PrefabInternal: {fileID: 0}
  m_GameObject: {fileID: 2133745511}
  m_Enabled: 1
  m_EditorHideFlags: 0
  m_Script: {fileID: 11500000, guid: 61d7c4cd869f5994eb08095817dfffb9, type: 3}
  m_Name: 
  m_EditorClassIdentifier: 
  grabing: 0
  crossair: {fileID: 507779993}
  crossairLayerMask:
    serializedVersion: 2
    m_Bits: 2064
  grabLayerMask:
    serializedVersion: 2
    m_Bits: 24576
